2084 3380
1354 138 1644 188 EPODON
1692 142 1765 187 XI

305 275 356 323 in
393 275 502 339 quis
540 281 790 324 amantem
827 275 1033 339 languor
1069 282 1116 323 et
1154 275 1402 324 silentium

369 352 525 416 arguit
562 360 609 404 et
638 353 795 410 latere
830 353 1013 416 petitus
1049 353 1151 404 imo
1187 352 1398 416 spiritus.
1717 371 1766 399 ιο

306 432 568 478 ‘contrane
604 430 795 478 lucrum
833 431 902 479 nil
937 430 1097 478 valere
1134 427 1405 479 candidum

367 507 594 571 pauperis
629 507 951 571 ingenium?'
999 505 1240 571 querebar
1274 506 1538 569 applorans
1574 504 1678 566 tibi,

302 584 447 632 simul
482 584 687 633 calentis
724 584 1085 634 inverecundus
1121 584 1244 633 deus

367 661 626 711 fervidiore
661 676 799 710 mero
833 676 1012 712 arcana
1047 667 1297 724 promorat
1334 660 1460 709 loco,

306 739 511 802 ‘quodsi
546 738 671 788 meis
707 739 952 788 inaestuet
987 737 1285 801 praecordiis
1715 756 1760 797 ¹5

366 818 519 869 libera
553 818 680 878 bilis,
720 828 775 868 ut
810 820 934 868 haec
969 820 1157 882 ingrata
1191 819 1351 868 ventis
1387 819 1573 868 dividat

299 901 520 949 fomenta
553 900 730 948 vulnus
767 900 836 947 nil
872 900 1058 948 malum
1093 900 1320 960 levantia,
1415 891 1420 894 ’

367 979 560 1030 desinet
595 980 866 1044 imparibus
903 988 1088 1030 certare
1124 987 1401 1029 summotus
1437 979 1627 1043 pudor?

300 1056 386 1107 ubi
422 1058 544 1107 haec
580 1073 777 1108 severus
812 1066 862 1108 te
897 1058 1060 1122 palam
1095 1058 1423 1116 laudaveram,

367 1136 526 1184 iussus
560 1135 696 1186 abire
730 1137 939 1185 domum
974 1135 1166 1186 ferebar
1200 1136 1390 1185 incerto
1424 1135 1554 1199 pede
1712 1156 1762 1183 20

297 1214 362 1262 ad
398 1229 499 1262 non
534 1213 722 1264 amicos
757 1214 856 1262 heu
893 1212 1015 1261 mihi
1050 1213 1206 1276 postis
1242 1221 1291 1262 et
1325 1213 1424 1262 heu

363 1291 533 1340 limina
567 1290 702 1351 dura,
741 1290 922 1353 quibus
958 1290 1156 1340 lumbos
1194 1298 1241 1339 et
1279 1290 1451 1353 infregi
1487 1290 1629 1338 latus.

863 1487 996 1534 XIII

300 1597 559 1646 HoRRmA
595 1604 861 1659 tempestas
897 1595 1090 1645 caelum
1127 1595 1368 1644 contraxit
1403 1603 1451 1644 et
1489 1594 1668 1645 imbres

363 1677 601 1740 nivesque
619 1676 876 1726 deducunt
903 1677 1074 1726 Iovem
1092 1694 1107 1737 3
1132 1691 1264 1724 nunc
1283 1692 1429 1736 mare,
1450 1691 1581 1724 nunc
1605 1675 1758 1725 siluae

293 1758 526 1808 Threicio
560 1749 810 1820 Aquilone
846 1766 1053 1806 sonant:
1102 1756 1362 1821 rapiamuS,
1400 1756 1561 1816 amici,

360 1835 674 1884 occasionem
709 1835 774 1884 de
808 1835 904 1896 die,
941 1836 1166 1898 dumque
1200 1834 1357 1884 virent
1391 1849 1554 1897 genua

294 1920 344 1961 et
379 1913 536 1971 decet,
574 1912 793 1961 obducta
828 1913 1043 1962 solvatur
1078 1913 1239 1961 fronte
1274 1920 1518 1960 senectus.
1729 1929 1751 1969 5

360 1998 414 2038 tu
448 1990 563 2038 vina
597 1991 853 2053 Torquato
889 2005 1035 2038 move
1068 1989 1274 2038 consule
1307 2004 1475 2052 pressa
1509 2004 1655 2038 meo:
1732 2050 1735 2052 μ

295 2076 457 2116 cetera
491 2067 634 2116 mitte
668 2066 834 2131 loqui:
883 2067 1007 2116 deus
1043 2067 1167 2116 haec
1201 2067 1406 2115 fortasse
1439 2065 1655 2129 benigna

361 2144 563 2193 reducet
598 2144 650 2192 in
681 2126 857 2194 {edem
893 2145 1014 2193 vice.
1088 2159 1221 2192 nunc
1256 2151 1306 2192 et
1340 2138 1680 2192 Achaemenio

294 2222 522 2283 perfundi
558 2221 713 2271 nardo
747 2221 881 2270 iuvat
917 2230 968 2271 et
1002 2221 1104 2270 fide
1140 2222 1376 2284 Cyllenea

359 2299 521 2347 levare
555 2298 673 2347 diris
708 2307 909 2361 pectora
944 2296 1391 2358 sollicitudinibu53
1614 2358 1618 2361 .
1705 2316 1754 2345 10

294 2373 475 2423 nobilis
509 2382 564 2422 ut
599 2375 772 2437 grandi
807 2375 989 2423 cecinit
1024 2375 1302 2424 Centaurus
1335 2374 1568 2423 alumno:

364 2454 376 2476 ⁶
395 2452 588 2511 invicte,
629 2452 847 2500 mortalis
883 2451 978 2500 dea
1014 2459 1130 2501 nate
1163 2466 1286 2513 puer
1319 2451 1549 2510 Thetide,

294 2538 343 2578 te
378 2536 545 2578 manet
580 2528 808 2577 Assaraci
842 2528 1001 2588 telluS‚
1039 2543 1191 2591 quam
1224 2528 1398 2591 frigida
1429 2528 1562 2592 parvi
1631 2534 1633 2536 ’

360 2606 557 2655 findunt
593 2605 880 2654 Scamandri
917 2605 1123 2653 flumina
1156 2603 1373 2653 lubricus
1407 2613 1456 2655 et
1492 2606 1672 2656 Simois
1689 2623 1703 2666 3

294 2683 429 2733 unde
462 2682 553 2732 tibi
589 2682 802 2733 reditum
836 2690 971 2731 certo
1007 2681 1289 2732 subtemine
1324 2683 1507 2732 Parcae
1703 2702 1751 2743 15

360 2775 545 2824 rupere,
585 2775 678 2808 nec
714 2766 870 2808 mater
904 2759 1112 2808 domum
1148 2759 1341 2808 caerula
1386 2767 1436 2808 te
1471 2759 1682 2809 revehet.

293 2838 391 2886 illic
425 2853 576 2887 omne
611 2837 796 2886 malum
832 2837 950 2886 vino
985 2845 1236 2900 cantuque
1270 2837 1444 2894 levat0,
1491 2856 1494 2859 ·

357 2915 590 2964 deformis
625 2913 954 2977 aegrimoniae
989 2912 1217 2963 dulcibus
1252 2914 1513 2978 alloquiis.'
1557 2947 1561 2951 -

150 3022 413 3074 u=chM]
476 3023 609 3072 13-28
627 3035 711 3062 om.
734 3019 776 3060 B
903 3019 1010 3061 XIII
1033 3020 1210 3070 gamice
1229 3018 1397 3070 Bentley
1462 3040 1476 3050 --
1526 3032 1578 3060 11⁴
1594 3019 1749 3067 cecinit

94 3078 245 3128 grandi
264 3076 372 3117 aBC
535 3089 584 3126 13
604 3076 727 3127 proni
747 3074 913 3125 Bentley
931 3087 941 3114 ε
973 3075 1050 3115 alii
1058 3074 1145 3129 ralia
1318 3085 1491 3123 14-15--
1507 3083 1635 3122 15-14
1656 3073 1698 3112 in
1717 3080 1748 3123 φ

98 3143 147 3182 15
167 3138 283 3172 curto
302 3131 468 3181 Bentley

229 3221 253 3256 S
1591 3221 1640 3255 nl
