2084 3380
949 150 1343 199 CARMINVM
1381 151 1596 197 LIBER
1633 151 1717 198 III

327 286 568 350 virginum
604 295 783 336 matres
819 286 1155 351 iuvenumque
1188 305 1345 350 nuper

323 447 420 496 iam
456 447 613 496 virum
650 458 888 512 expertae,
930 451 1062 498 male
1097 448 1328 498 ominatis

388 528 572 591 parcite
606 530 780 579 verbis.

323 623 405 672 hic
439 624 544 673 dies
580 641 692 674 vere
729 625 850 674 mihi
886 628 1039 675 festus
1073 635 1200 674 atras

321 702 501 754 eximet
535 721 711 766 curas;
759 723 851 770 ego
887 724 980 756 nec
1016 708 1283 756 tumultum

321 801 414 834 nec
450 785 574 835 mori
609 803 696 850 per
731 787 830 836 vim
867 796 1086 836 metuam
1121 795 1346 850 tenente·
1670 809 1719 849 15

391 867 600 915 Caesare
636 876 798 916 terras.

322 960 338 1007 i
370 970 484 1024 pete
521 971 841 1025 unguentum,
883 979 1017 1026 puer,
1057 971 1106 1011 et
1143 979 1351 1011 coronas

321 1050 371 1090 et
405 1043 587 1091 cadum
625 1043 779 1092 Marsi
814 1059 1087 1093 memorem
1123 1042 1289 1102 duelli,

322 1123 609 1185 Spartacum
648 1124 688 1172 si
724 1141 823 1188 qua
859 1124 1020 1188 potuit
1056 1132 1315 1187 vagantem

388 1205 553 1253 fallere
589 1213 727 1254 testa.
1672 1225 1721 1252 20

321 1297 403 1347 dic
438 1307 487 1347 et
522 1308 720 1362 argutae
757 1308 984 1363 properet
1020 1297 1242 1348 Neaerae

323 1395 568 1428 murreum
607 1381 743 1429 nodo
780 1379 1011 1429 cohibere
1047 1379 1268 1439 crinem3

322 1459 362 1507 si
397 1477 483 1523 per
518 1460 727 1509 invisum
765 1477 902 1510 mora
937 1460 1195 1509 ianitorem

388 1543 484 1600 fiet,
522 1542 672 1591 abito.
782 1543 784 1546 ’

322 1636 441 1685 lenit
475 1636 732 1686 albescens
766 1636 960 1686 animos
996 1637 1201 1700 capillus
1674 1658 1719 1697 ²5

323 1716 482 1770 litium
518 1726 568 1767 et
603 1717 738 1767 rixae.
769 1717 978 1782 cupidos
1010 1726 1265 1781 protervae
1287 1735 1300 1777 ;

322 1815 425 1848 non
459 1815 552 1862 ego
588 1801 684 1848 hoc
719 1801 893 1849 ferrern
930 1799 1120 1849 calidus
1154 1798 1352 1848 iuventa

389 1881 592 1929 consule
628 1881 826 1929 Planc0.

838 2032 935 2078 XV

457 2121 615 2169 onR
651 2118 878 2182 pauperis
917 2118 1070 2182 Ibyci,

322 2201 524 2251 tandem
559 2199 809 2264 nequitiae
844 2200 940 2264 fige
973 2201 1180 2249 modurn
1218 2208 1332 2248 tuae

406 2322 411 2327 .
456 2281 756 2345 famosisque
792 2279 1073 2330 laboribus:

322 2370 514 2411 maturo
549 2361 748 2424 propior
784 2359 955 2409 desine
990 2359 1148 2408 funeri

455 2456 582 2505 inter
615 2456 784 2505 ludere
820 2454 1029 2517 virgines
1692 2472 1715 2512 5

323 2545 371 2585 et
406 2535 557 2585 stellis
593 2536 827 2585 nebulam
867 2551 1091 2598 spargere
1127 2532 1364 2583 candidis.

457 2634 572 2675 non,
612 2615 652 2665 si
688 2615 810 2679 quid
849 2617 1076 2664 Pholoen
1112 2614 1242 2673 satis,

323 2706 372 2746 et
407 2707 468 2756 te,
508 2696 693 2756 Chlori,
733 2697 910 2745 decet:
960 2695 1062 2743 filia
1095 2694 1272 2743 rectius

38 2845 43 2848 ·
117 2827 386 2880 u=aBEM]
446 2840 495 2868 10
515 2827 679 2879 puellae
698 2840 747 2866 ac
764 2826 922 2866 Horkel
1008 2837 1053 2864 11
1077 2824 1181 2876 iam]
1206 2837 1290 2864 non
1303 2822 1469 2874 Bentley
1525 2829 1724 2874 expertes

21 2874 31 2928 ξ
73 2879 313 2932 Wakefield:
341 2888 630 2933 expertaeque
659 2880 796 2932 Bergk
836 2896 839 2898 ·
923 2878 1120 2919 ominatis
1154 2876 1281 2916 VEM
1296 2888 1317 2920 t,
1338 2877 1566 2916 nominatis
1595 2874 1723 2916 ssaB:

27 2934 42 2985 ξ»
65 2934 305 2976 inominatis
324 2936 506 2986 Bentley,
529 2934 650 2973 haud
663 2936 742 2973 scio
762 2947 818 2972 an
840 2938 937 2973 recte
1144 2945 1192 2981 14
1222 2932 1367 2981 exiget
1385 2931 1428 2969 B
1447 2944 1457 2969 :
1484 2931 1612 2980 exigit
1632 2943 1717 2969 var.

28 2991 30 2994 ’
66 2989 148 3030 lect.
169 3005 198 3027 π
215 2989 401 3029 Priscian
541 3002 590 3038 19
606 3001 806 3038 vagacern
831 2987 1046 3026 Charisius
1211 2984 1292 3024 XV
1312 2997 1337 3023 2
1353 2997 1466 3038 pone
1487 2984 1579 3023 EM
1592 2998 1600 3022 :
1630 2983 1723 3022 sine

5 3047 10 3067 ³·
71 3042 296 3082 Victorinus

1558 3079 1589 3125 h

323 367 576 430 sospitum.
649 384 751 427 vos,
790 385 822 416 o
856 367 995 431 pueri
1030 377 1080 417 et
1113 370 1306 432 puellae
1672 390 1721 417 10
1803 374 1806 375 ’
