2084 3380
310 118 370 178 Q.
403 75 690 167 *HORATI
730 119 980 170 FLACCI
1060 129 1062 131 >

507 259 676 308 audire
711 276 916 323 magnos
952 258 1050 307 iam
1086 258 1256 309 videor
1291 261 1444 311 duces

507 356 609 388 non
644 339 879 389 indecoro
915 342 1113 403 pulvere
1150 339 1389 400 sordidos,

574 430 622 469 et
657 429 835 469 cuncta
871 430 1104 470 terrarum
1142 421 1346 470 subacta

638 511 828 565 praeter
862 512 1079 551 atrocem
1115 501 1336 551 animum
1375 501 1592 553 Catonis.

507 597 636 645 Iuno
672 606 719 646 et
756 598 961 646 deorum
998 596 1219 661 quisquis
1254 597 1457 647 amicior
1917 620 1966 662 25

505 677 635 726 Afris
671 677 825 727 inulta
861 687 1071 727 cesserat
1106 678 1352 742 impotens

572 761 742 808 tellure
778 759 1018 808 victorum
1053 769 1260 823 nepotes

639 840 821 889 rettulit
857 840 1050 889 inferias
1090 842 1367 904 Iugurthae.

506 934 615 997 quis
652 951 753 983 non
791 935 969 984 Latino
1007 935 1242 1000 sanguine
1279 935 1506 1000 pinguior

505 1031 708 1079 campus
745 1015 978 1080 sepulcris
1015 1016 1167 1080 impia
1201 1017 1386 1081 proelia
1918 1038 1971 1079 30

572 1105 774 1146 testatur
808 1096 1132 1161 auditumque
1171 1098 1335 1147 Medis

642 1178 916 1241 Hesperiae
954 1179 1170 1227 sonitum
1201 1167 1416 1228 ruinae?

503 1271 588 1335 qui
623 1289 797 1336 gurges
832 1282 916 1322 aut
953 1290 1080 1336 quae
1116 1273 1320 1322 flumina
1355 1272 1574 1338 lugubris

503 1352 668 1416 ignara
703 1354 855 1403 belli?
902 1357 1038 1418 quod
1074 1372 1207 1404 mare
1245 1354 1469 1405 Dauniae

570 1451 672 1483 non
709 1436 1053 1486 decoloravere
1089 1438 1304 1486 caedes?
1916 1459 1969 1504 35

638 1532 765 1579 quae
801 1526 932 1566 caret
968 1534 1051 1566 ora
1087 1535 1258 1567 cruore
1293 1519 1499 1568 nostro?

504 1613 591 1660 sed
627 1628 690 1660 ne
727 1611 919 1672 relictis,
962 1615 1108 1662 Musa
1144 1630 1338 1677 procax,
1376 1613 1498 1664 iocis

504 1693 635 1742 Ceae
671 1702 900 1742 retractes
937 1711 1141 1744 munera
1175 1695 1365 1756 neniae,

569 1790 767 1823 mecum
806 1775 1033 1825 Dionaeo
1070 1777 1163 1826 sub
1197 1787 1339 1826 antro

635 1871 815 1918 quaere
851 1858 1028 1906 modos
1063 1856 1243 1907 leviore
1277 1859 1477 1922 plectro,
1911 1880 1969 1924 40

1107 2107 1161 2154 Π
1350 2107 1532 2193 f,

126 2100 464 2256 s
502 2214 712 2261 NVLLvs
751 2221 954 2276 argento
991 2215 1126 2262 color
1163 2224 1236 2264 est
1270 2194 1442 2265 avaris

499 2293 670 2342 abdito
706 2293 856 2353 terris,
895 2293 1094 2347 inimice
1130 2297 1324 2368 lamnae
1368 2285 1512 2355 {hmo
1483 2332 1624 2361 OQ„
1635 2329 1690 2355 c

501 2373 672 2438 Crispe
708 2374 918 2435 Sallusti,
957 2375 1051 2425 nisi
1086 2386 1359 2441 temperato

566 2457 821 2519 splendeat
857 2473 962 2506 usu.

497 2549 626 2598 vivet
662 2559 860 2601 extento
898 2554 1182 2604 Proculeius
1216 2572 1353 2616 aevo,
1933 2578 1961 2621 5

497 2638 644 2679 notus
680 2630 731 2678 in
767 2633 935 2682 fratres
970 2634 1122 2683 animi
1156 2635 1376 2698 paterni3

496 2710 661 2781 illum}
670 2722 781 2776 aget
816 2730 982 2776 penna
1017 2724 1267 2765 metuente
1303 2715 1425 2765 solvi

565 2794 718 2842 Fama
753 2804 1009 2863 superstes.

355 2927 670 2979 uzaBDEM]
728 2929 865 2978 33-36
893 2928 1073 2967 damnat
1089 2928 1249 2968 Ritschl
1430 2928 1469 2967 11
1492 2941 1515 2966 2
1543 2927 1707 2967 abditae
1727 2928 1962 2967 Lambinus

302 2995 325 3032 5
355 2984 459 3024 vivit
479 2984 554 3035 πφ1
668 2995 688 3031 7
719 2983 806 3031 agit
825 2982 854 3022 β
873 2982 1024 3033 Porph.
