2084 3380
337 131 399 191 Q.
441 131 719 181 HORATI
757 132 1010 183 FLACCI

538 287 755 335 quassaS‚
794 269 1022 320 indocilis
1058 268 1342 335 pauperiem
1377 269 1492 335 pati.

535 360 609 401 est
644 350 729 415 qui
764 367 857 401 nec
892 350 1068 400 veteris
1103 353 1282 415 pocula
1319 349 1521 399 Massici

535 449 628 482 nec
663 441 852 497 partem
888 432 1049 482 solido
1085 434 1286 482 demere
1320 433 1385 481 de
1420 431 1503 481 die
1570 470 1573 474 f
1941 451 1994 480 20

500 558 503 562 .
534 513 732 577 spernit,
770 530 903 562 nunc
939 511 1080 562 viridi
1116 512 1339 561 membra
1373 512 1466 561 sub
1499 511 1678 561 arbuto

536 602 727 653 stratus,
766 610 900 642 nunc
935 595 999 642 ad
1035 608 1193 656 aquae
1229 594 1341 642 lene
1377 601 1526 655 caput
1561 607 1739 641 sacrae.

534 677 716 725 multos
751 685 907 724 castra
942 674 1111 723 iuvant
1146 684 1194 723 et
1229 674 1352 723 lituo
1387 674 1536 723 tubae

535 755 803 820 permixtus
839 755 1029 804 sonitus
1066 755 1295 818 bellaque
1331 754 1568 803 matribus

534 837 787 886 detestata.
860 845 1027 885 manet
1062 836 1154 884 sub
1191 837 1312 885 Iove
1345 834 1522 899 frigido
1941 851 1990 894 25

533 926 736 966 venator
771 926 967 967 tenerae
1003 915 1225 980 coniugis
1261 916 1542 977 immemor,

462 1024 464 1027 ⁴
529 1014 620 1047 seu
655 998 758 1047 visa
793 1007 867 1047 est
901 997 1075 1047 catulis
1111 1014 1254 1047 cerva
1289 996 1531 1056 fidelibus,

533 1095 621 1128 seu
655 1078 786 1142 rupit
821 1088 997 1128 teretes
1035 1080 1231 1128 Marsus
1265 1094 1383 1141 aper
1417 1079 1597 1142 plagaS.

534 1176 614 1208 me
648 1147 907 1210 doctarum
944 1160 1156 1209 hederae
1192 1158 1410 1223 praemia
1443 1158 1679 1208 frontium

533 1240 610 1289 dis
646 1239 855 1290 miscent
890 1240 1091 1304 superiS‚
1133 1257 1213 1289 me
1247 1239 1466 1303 gelidum
1501 1256 1679 1289 nemus
1941 1258 1993 1298 30

533 1323 962 1386 nympharumque
998 1323 1129 1371 leves
1166 1337 1280 1370 cum
1316 1319 1497 1384 Satyris
1533 1318 1671 1370 chori

533 1412 797 1453 secernunt
831 1404 1035 1468 populo,
1075 1401 1115 1451 si
1152 1418 1315 1465 neque
1351 1400 1495 1451 tibias

533 1486 750 1549 Euterpe
785 1484 987 1535 cohibet
1022 1501 1115 1533 nec
1152 1482 1477 1546 Polyhymnia

533 1566 787 1625 Lesboum
823 1565 998 1629 refugit
1035 1566 1237 1615 tendere
1273 1564 1516 1614 barbiton.

532 1647 711 1710 quodsi
747 1664 827 1697 me
863 1646 1023 1710 lyricis
1058 1647 1252 1696 vatibus
1288 1646 1484 1705 insereS‚
1937 1663 1987 1705 35

531 1726 729 1776 sublimi
764 1727 934 1777 feriam
970 1727 1132 1778 sidera
1166 1726 1357 1777 vertice.

1133 1859 1185 1906 II

531 1946 633 1993 IAM
671 1944 786 1995 satis
823 1944 958 1995 terris
996 1944 1119 1995 nivis
1154 1954 1303 2009 atque
1339 1943 1473 1994 dirae

527 2026 777 2089 grandinis
815 2025 946 2075 misit
982 2028 1125 2075 Pater
1160 2035 1209 2075 et
1243 2026 1450 2075 rubente

529 2107 727 2157 dextera
762 2123 922 2157 sacras
958 2105 1196 2156 iaculatus
1231 2123 1367 2156 arces

597 2188 766 2237 terruit
802 2189 990 2248 urbem,

530 2281 696 2331 terruit
731 2281 904 2345 gentis,
942 2299 1086 2346 grave
1123 2299 1186 2331 ne
1222 2281 1400 2333 rediret
1963 2299 1985 2340 5

528 2364 778 2417 saeculum
816 2364 1028 2425 Pyrrhae
1063 2379 1193 2413 nova
1229 2373 1447 2413 monstra
1482 2368 1699 2426 questae,

528 2459 677 2492 omne
713 2460 827 2493 cum
865 2446 1070 2495 Proteus
1106 2461 1258 2508 pecus
1294 2443 1392 2508 egit
1426 2444 1551 2492 altos

593 2522 747 2573 visere
784 2524 978 2583 montis,

526 2615 735 2679 piscium
772 2627 821 2667 et
857 2635 1050 2668 summa
1085 2635 1240 2683 genus
1277 2617 1434 2668 haesit
1468 2618 1606 2666 ulmo

525 2707 643 2747 nota
677 2714 805 2762 quae
840 2701 983 2749 sedes
1019 2702 1174 2749 fuerat
1209 2697 1468 2757 columbis,
1936 2715 1987 2743 10

525 2787 573 2826 et
609 2778 885 2842 superiecto
920 2779 1128 2844 pavidae
1164 2787 1393 2828 natarunt

591 2875 806 2922 aequore
842 2862 1084 2909 dammae.

383 2961 627 3003 ea=aBEM
694 2963 731 3002 11
765 2977 788 3001 2
818 2977 905 3015 sqq.
936 2961 1239 3014 ‹ic-aBDEIlI]
1314 2974 1366 3013 25
1400 2962 1648 3003 detestanda
1679 2962 1715 3001 θ’
1743 2961 1987 3002 Lactantius

330 3017 525 3058 Placidus
633 3029 685 3069 35
709 3018 860 3058 inseris
881 3017 910 3057 Β
1022 3019 1060 3058 11
1087 3031 1135 3058 ιο
1155 3016 1361 3068 palumbis
1383 3031 1408 3054 π
1426 3016 1577 3069 Porph.
