2084 3380
1378 119 1666 167 EPODON
1703 121 1798 183 xv

269 268 363 300 nec
398 253 551 300 semel
586 253 802 301 offensae
838 254 981 301 cedet
1016 253 1292 302 constantia
1327 256 1527 314 formae,
1750 277 1796 316 15

337 331 377 380 si
401 341 571 380 certus
607 331 793 381 intrarit
828 333 982 382 dolor.
1574 384 1578 388 ,
1609 319 1612 321 Δ

268 422 317 461 et
351 421 419 472 tu,
457 412 758 476 quicumque
794 430 846 462 es
882 413 1069 463 felicior
1103 424 1252 478 atque
1288 432 1402 465 meo
1438 433 1572 466 nunc
1638 425 1641 428 ’

334 494 574 556 superbus
609 494 798 543 incedis
836 497 983 554 ma10,
1570 507 1577 510 ”

266 573 332 623 sis
366 590 546 636 pecore
581 583 630 623 et
666 576 820 623 multa
856 574 992 624 dives
1029 578 1200 625 tellure
1235 576 1416 636 licebit,

320 653 522 717 tibique
557 656 787 703 Pactolus
823 657 955 715 fluat,
1747 678 1797 706 20

265 751 358 784 ηερ
393 743 442 784 te
478 736 782 799 Pythagorae
816 737 986 784 fallant
1019 753 1198 785 arcana
1231 737 1400 797 renati,

331 817 588 880 formaque
622 816 790 865 vincas
827 817 991 877 Nirea,

264 898 363 946 heu
397 899 496 946 heu
531 899 790 947 translatos
825 898 923 947 alio
958 898 1200 948 maerebis
1234 915 1456 949 amores:
1498 952 1500 954 ,

329 987 405 1027 ast
439 995 532 1043 ego
565 978 779 1027 vicissim
816 979 971 1029 risero

897 1166 1019 1212 XVI

262 1268 481 1314 ALTERA
515 1265 614 1314 iam
649 1264 819 1314 teritur
856 1264 996 1314 bellis
1031 1264 1255 1314 civilibus
1290 1274 1438 1325 aetaS‚

330 1346 429 1395 suis
465 1355 514 1396 et
549 1346 654 1409 ipsa
692 1347 857 1394 Roma
893 1345 1077 1394 viribus
1111 1345 1235 1395 ruit:

261 1444 412 1490 quam
447 1443 610 1490 neque
646 1425 842 1475 finitimi
878 1428 1134 1475 valuerunt
1170 1428 1375 1490 perdere
1413 1426 1565 1475 Marsi

329 1507 534 1556 minacis
568 1517 654 1556 aut
692 1510 899 1556 Etrusca
935 1509 1182 1556 Porsenae
1216 1524 1407 1566 manus,

259 1590 455 1638 aemula
488 1606 582 1638 nec
617 1588 767 1637 virtus
805 1589 1008 1651 Capuae
1043 1605 1136 1636 nec
1173 1589 1434 1651 Spartacus
1469 1604 1582 1637 acer
1768 1609 1789 1648 5

328 1670 567 1734 novisque
601 1671 748 1720 rebus
784 1670 996 1719 infidelis
1031 1669 1284 1729 Allobrox,

262 1768 354 1800 ηερ
388 1753 490 1800 fera
523 1740 758 1800 caerulea⁴
781 1750 975 1800 domuit
1010 1750 1275 1800 Germania
1310 1750 1444 1813 pube

327 1831 710 1900 parentibusque
745 1831 1060 1881 abominatus
1097 1830 1369 1890 Hannibal,

260 1912 412 1978 impia
446 1915 710 1978 perdemus
745 1913 912 1963 devoti
948 1912 1198 1977 sanguinis
1232 1921 1380 1972 aetas,

327 1994 539 2058 ferisque
573 2011 737 2043 rursus
772 1993 1096 2058 occupabitur
1131 1995 1304 2042 solum.
1718 2013 1790 2057 Νπο

261 2076 495 2125 barbarus
530 2078 629 2125 heu
665 2077 853 2126 cineres
890 2076 1080 2124 insistet
1115 2075 1271 2124 victor
1305 2084 1353 2123 et
1388 2075 1576 2124 Vrbem

327 2173 480 2221 eques
515 2166 724 2207 sonante
758 2156 1034 2207 verberabit
1070 2158 1266 2219 ungula,

261 2254 488 2302 quaeque
522 2248 690 2288 carent
725 2239 884 2288 ventis
919 2248 968 2287 et
1004 2237 1190 2287 solibus
1226 2254 1338 2286 ossa
1375 2235 1583 2299 Quirini,

328 2321 465 2369 nefas
499 2319 694 2369 videre!
742 2319 1001 2383 dissipabit
1035 2319 1265 2367 insolens.

262 2402 385 2450 forte
416 2399 539 2464 quid
573 2400 801 2463 expediat
836 2399 1165 2449 communiter
1198 2407 1283 2447 aut
1317 2397 1491 2446 melior
1521 2413 1632 2460 pars
1738 2415 1786 2456 15

329 2481 470 2530 malis
505 2498 668 2531 carere
704 2479 936 2544 quaeritis
971 2479 1234 2529 laboribus.

261 2563 396 2611 nulla
429 2561 492 2611 sit
525 2564 620 2611 hac
654 2561 816 2626 potior
850 2559 1106 2620 sententia,
1146 2561 1486 2608 Phocaeorum

328 2645 461 2693 velut
495 2643 709 2707 profugit
744 2651 992 2692 exsecrata
1026 2640 1195 2690 civitas

176 2768 438 2823 u=aBCM]
502 2783 550 2820 15
571 2772 722 2811 offensi
746 2771 953 2822 Gogavius
1041 2787 1086 2823 17
1107 2780 1151 2813 tu
1171 2788 1253 2814 om.
1276 2775 1305 2815 Β
1403 2789 1456 2814 22
1481 2776 1608 2815 Nirea
1629 2776 1782 2828 06¹(?):

126 2822 265 2863 Nerea
285 2830 368 2865 cett.
467 2838 520 2875 23
541 2826 624 2865 heu
646 2826 730 2864 heu
749 2826 904 2866 αΜδπι
925 2828 1036 2866 eheu
1054 2829 1138 2867 heu
1159 2827 1196 2867 C
1210 2843 1220 2868 ε
1245 2830 1355 2868 eheu
1374 2830 1484 2869 eheu
1501 2829 1568 2870 B:
1588 2831 1700 2870 eheu
1719 2836 1782 2882 ψψ

125 2876 226 2917 XVI
246 2891 272 2927 4
295 2877 511 2918 Porsenae
530 2879 568 2918 δ1
585 2894 595 2919 :
626 2880 870 2920 Porsennae
891 2885 972 2922 cett.
1087 2893 1135 2920 12
1154 2895 1265 2933 eque
1287 2883 1323 2922 C
1337 2898 1347 2922 z
1377 2885 1474 2934 equi
1495 2883 1630 2938 (etqui
1645 2883 1722 2939 82)
1739 2885 1781 2923 Β

129 2942 177 2983 14
195 2930 330 2971 videri
357 2931 447 2976 Vssa
531 2933 753 2986 dissipavit
774 2933 810 2972 C
920 2947 968 2985 15
988 2937 1100 2988 quod
1123 2937 1162 2977 ς’
1700 2981 1706 2983 Δ
