2084 3380
313 136 707 187 CARMINVM
746 135 958 183 LIBER
996 135 1071 181 IV

511 276 670 337 fruges
707 282 755 322 et
790 272 914 336 agris
951 269 1135 320 rettulit
1169 270 1358 330 uberes,
1717 292 1719 294 ·
1949 290 1974 331 5

511 364 559 404 et
595 354 732 418 signa
768 362 935 402 nostro
972 351 1180 401 restituit
1218 350 1326 400 Iovi

578 437 779 499 derepta
817 435 1108 483 Parthorum
1146 431 1369 496 superbis

646 514 870 579 postibus
907 524 956 563 et
990 530 1203 563 vacuum
1234 511 1415 562 ‚duellis

515 614 691 660 Ianum
729 609 924 673 Quirini
961 611 1134 661 clausit
1170 619 1219 661 et
1254 610 1480 661 ordinem

511 702 698 741 rectum
735 691 960 756 evaganti
995 694 1132 742 frena
1166 691 1393 742 licentiae
1926 710 1976 740 10
2007 698 2010 699 ’
2069 686 2075 687 ’

578 771 746 822 iniecit
782 772 1066 836 emovitque
1103 775 1274 837 culpas

646 864 694 903 et
729 863 916 904 veteres
953 854 1198 904 revocavit
1233 854 1361 915 artis,

511 967 596 1013 per
631 966 753 1013 quas
790 948 1023 998 Latinum
1061 948 1245 999 nomen
1282 959 1331 999 et
1369 950 1523 999 Italae

511 1047 704 1080 crevere
739 1029 878 1089 vireS‚
917 1032 1147 1094 famaque
1183 1040 1231 1079 et
1267 1029 1442 1094 imperi

577 1120 800 1175 porrecta
836 1110 1063 1160 maiestas
1098 1113 1164 1161 ad
1199 1120 1334 1161 ortus
1924 1129 1973 1170 15

646 1191 761 1241 solis
797 1192 861 1240 ab
896 1191 1144 1256 Hesperio
1181 1190 1344 1241 cubili.

511 1288 718 1337 custode
754 1303 916 1335 rerum
954 1287 1165 1337 Caesare
1202 1303 1304 1335 non
1340 1287 1472 1336 furor

510 1368 664 1418 civilis
699 1378 784 1418 aut
818 1368 891 1418 vis
928 1367 1086 1432 exiget
1123 1368 1294 1428 otium,

578 1468 679 1501 non
715 1450 798 1511 ira,
838 1467 965 1515 quae
1002 1449 1233 1514 procudit
1269 1450 1399 1499 ensis

644 1541 692 1581 et
728 1531 929 1581 miseras
964 1530 1184 1580 inimicat
1218 1530 1366 1581 urbis.
1924 1549 1977 1578 20

510 1645 611 1677 non
648 1627 733 1692 qui
770 1629 1073 1691 profundum
1112 1626 1399 1676 Danuvium
1439 1626 1616 1676 bibunt

510 1709 673 1760 edicta
708 1718 940 1773 rumpent
978 1708 1116 1770 Iulia,
1157 1726 1259 1758 non
1297 1709 1467 1768 Getae,

577 1807 678 1840 non
716 1793 856 1840 Seres
892 1790 1093 1840 infidive
1131 1793 1321 1850 Persae,

644 1890 746 1922 non
783 1871 975 1921 Tanain
1013 1889 1166 1936 prope
1203 1874 1390 1921 flumen
1427 1870 1531 1921 orti.

509 1984 699 2032 nosque
735 1977 784 2016 et
819 1967 1045 2031 profestis
1080 1967 1274 2016 lucibus
1310 1976 1359 2016 et
1394 1965 1542 2016 sacris
1924 1986 1973 2028 25

510 2048 634 2098 inter
669 2048 824 2098 iocosi
861 2066 1066 2098 munera
1102 2048 1267 2098 Liberi

576 2147 690 2179 cum
726 2132 864 2193 prole
902 2129 1237 2193 matronisque
1274 2128 1465 2189 nostris,

643 2211 732 2261 rite
767 2213 889 2261 deos
926 2211 1059 2276 prius
1095 2211 1356 2274 apprecati‚

509 2307 684 2356 virtute
721 2309 915 2357 functos
955 2324 1091 2357 more
1127 2316 1322 2370 patrum
1358 2307 1510 2356 duces

510 2387 659 2450 Lydis
697 2387 902 2437 remixto
939 2387 1156 2437 carmine
1194 2387 1325 2437 tibiis
1920 2405 1972 2445 30

576 2467 876 2533 Troiamque
913 2478 962 2518 et
998 2467 1253 2518 Anchisen
1291 2476 1339 2517 et
1374 2469 1533 2517 almae

641 2548 924 2613 progeniem
963 2548 1170 2598 Veneris
1207 2565 1454 2599 canemus.

363 2700 434 2727 σε
448 2686 494 2738 α]
554 2686 633 2725 XV
655 2699 676 2735 7
709 2688 884 2736 derepta
905 2686 942 2726 ‘f
961 2700 968 2724 :
1001 2687 1165 2738 direpta
1185 2689 1295 2729 codd.
1474 2704 1521 2729 10
1550 2696 1593 2730 et
1613 2691 1782 2741 vaganti
1804 2689 1972 2744 6¹(?]‹p=p

316 2754 363 2791 15
393 2746 527 2781 ortum
549 2740 584 2778 δι
720 2743 767 2779 18
796 2741 956 2780 eximet
978 2742 1073 2792 δφψ,
1096 2743 1141 2791 cf.
1167 2744 1221 2782 iii.
1253 2756 1311 2793 14.
1340 2757 1386 2793 14
1516 2757 1568 2794 23
1588 2758 1684 2795 -que
1705 2759 1733 2785 α
