2084 3380
292 150 352 209 Q.
395 149 672 198 HORATI
712 150 962 200 FLAccr

626 289 777 351 Lyde,
818 297 1015 336 strenua
1051 288 1343 337 Caecubum

493 368 812 432 munitaeque
846 367 1030 417 adhibe
1065 367 1165 416 vim
1201 367 1480 430 sapientiae.
1537 377 1539 379 ’

624 449 858 499 inclinare
894 448 1151 498 meridiem
1923 467 1946 508 5

489 530 640 580 sentis
674 547 746 590 ac,
786 530 936 580 veluti
973 540 1067 579 stet
1102 530 1312 580 volucris
1347 530 1468 590 dies,

623 611 780 675 parcis
816 611 1038 675 deripere
1073 613 1250 661 horreo

489 702 765 742 cessantem
803 692 968 742 Bibuli
1004 691 1219 741 consulis
1253 693 1556 755 amphoram.

623 790 715 822 nos
751 773 1060 823 cantabimus
1096 772 1307 821 invicem

489 856 782 917 Neptunum
820 863 868 903 et
904 854 1070 904 viridis
1108 853 1379 903 Nereidum
1416 871 1585 903 comas
1601 872 1616 915 3
1897 872 1948 901 10

624 944 677 984 tu
715 952 862 984 curva
897 935 1084 985 recines
1120 936 1220 998 lyra

488 1018 733 1066 Latonam
769 1026 818 1065 et
854 1016 1023 1066 celeris
1061 1015 1249 1080 spicula
1284 1015 1541 1079 Cynthiae,

600 1114 819 1147 vsummo
854 1098 1083 1156 carmine,
1124 1113 1252 1160 quae
1287 1096 1488 1147 Cnidon

487 1178 818 1242 fulgentisque
853 1188 988 1228 tenet
1026 1179 1268 1241 Cycladas
1304 1186 1353 1227 et
1390 1179 1616 1241 Paphum

621 1259 799 1309 iunctis
835 1259 946 1309 visit
982 1259 1200 1309 oloribus
1218 1278 1231 1319 3
1898 1279 1945 1319 15

486 1339 677 1391 dicetur
713 1340 886 1390 merita
922 1342 1036 1390 Nox
1071 1357 1272 1404 quoque
1307 1338 1467 1389 nenia.

511 1532 535 1553 „.
560 1558 589 1575 ,Ι
668 1561 673 1571 s
729 1513 735 1516 -
821 1536 823 1542 .
918 1471 929 1585 ζ
966 1499 1141 1545 XXIX
1172 1450 1190 1579 Ζ

488 1573 792 1635 TvRR'HENA
827 1601 997 1649 regum
1032 1584 1304 1647 progenies,
1343 1583 1431 1633 tibi

487 1683 590 1716 non
625 1676 740 1716 ante
775 1683 916 1715 verso
952 1667 1064 1714 lene
1100 1662 1454 1714 meruchado

554 1765 669 1797 cum
705 1749 838 1807 flore,
880 1749 1160 1806 Maecenas,
1199 1763 1418 1795 rosarum
1455 1755 1503 1795 et

620 1846 787 1893 pressa
821 1828 917 1877 tuis
952 1828 1159 1877 balanus
1195 1827 1383 1891 capillis

486 1923 778 1974 iamdudum
813 1925 947 1987 apud
983 1940 1063 1972 me
1099 1932 1186 1972 est.
1244 1922 1376 1986 eripe
1413 1931 1460 1971 te
1497 1939 1680 1984 morae,
1919 1942 1942 1983 5

486 2022 579 2055 nec
614 2022 808 2069 semper
842 2006 998 2054 udum
1034 2003 1191 2054 Tibur
1227 2013 1275 2053 et
1309 2005 1518 2053 Aefulae

553 2086 742 2136 declive
778 2085 1126 2149 contempleris
1161 2101 1331 2134 arvum
1367 2095 1416 2135 et

535 2180 558 2189 ··
619 2167 860 2232 Telegoni
895 2166 1008 2230 iuga
1044 2167 1325 2230 parricidae.

485 2262 790 2314 fastidiosam
826 2264 998 2312 desere
1033 2262 1229 2326 copiam
1265 2271 1334 2311 et⁴

484 2346 668 2394 molem
703 2343 1034 2409 propinquam
1070 2343 1288 2394 nubibus
1323 2342 1519 2406 arduis3
1895 2361 1945 2396 10

552 2424 725 2474 omitte
761 2424 923 2474 mirari
960 2426 1134 2475 beatae

619 2507 809 2555 fumum
846 2515 895 2555 et
931 2523 1051 2570 opes
1089 2505 1445 2570 strepitumque
1482 2505 1688 2556 Romae.

485 2602 773 2663 plerumque
808 2611 972 2665 gratae
1007 2600 1241 2651 divitibus
1276 2601 1407 2652 vices

486 2682 800 2745 mundaeque
837 2697 986 2744 parvo
1023 2668 1115 2732 sub
1151 2684 1251 2732 lare
1286 2698 1558 2746 pauperum

553 2778 704 2811 cenae
741 2761 846 2810 sine
881 2762 1063 2812 aulaeis
1100 2772 1148 2811 et
1185 2762 1317 2813 ostro
1466 2763 1470 2766 ’
1687 2802 1690 2805 -
1893 2778 1940 2822 15

619 2838 878 2891 sollicitam
916 2842 1191 2905 explicuere
1227 2843 1452 2892 frontem.
1562 2843 1565 2845 ’
1624 2827 1635 2846 ”

336 2963 546 3016 αεαΒσ]
591 2950 844 3006 'X'XV1'116
869 2973 959 3008 eta
996 2951 1004 2955 “
1058 2947 1290 3022 ήᾱίήρεω
1316 2972 1412 3012 στπι
1468 2952 1597 3024 79111
1619 2976 1786 3017 vieesss
1828 3008 1832 3011 .
1894 2993 1937 3018 11

283 3023 369 3057 tum
391 3019 638 3058 Lachmann
754 3033 801 3070 13
831 3022 1000 3062 Gnidon
1022 3026 1072 3062 αδ
1228 3026 1380 3065 ΧΧῙΧ
1403 3040 1426 3064 2
1457 3041 1622 3067 versum
1645 3044 1674 3070 α
1782 3035 1808 3071 6
1839 3046 1890 3072 ne
1912 3034 1940 3073 Β

281 3073 307 3110 8
336 3073 426 3111 iura
448 3074 563 3125 (iuga
584 3072 648 3125 αἳ)
670 3087 698 3113 u
