2084 3380
326 141 387 199 Q.
429 139 706 187 HORATI
746 138 998 187 FLACCI

524 285 726 324 auctore
761 276 825 324 ab
861 275 946 323 illo
981 274 1123 323 ducis
1159 274 1412 337 originem,
1963 292 1986 332 5
2023 293 2026 295 “
2075 259 2079 297 f

526 356 612 419 qui
649 355 954 405 Formiarum
992 353 1190 404 moenia
1224 354 1403 404 dicitur

593 437 823 502 princeps
861 446 909 486 et
945 436 1201 485 innantem
1239 435 1457 484 Maricae

660 518 885 567 litoribus
921 517 1138 567 tenuisse
1174 516 1326 566 Lirim

527 604 623 650 late
659 610 892 663 tyrannus
914 615 1099 648 z—cras
1134 598 1262 647 foliis
1298 615 1474 648 nemus

526 682 693 731 multis
729 690 779 731 et
812 683 922 744 alga
957 680 1071 729 litus
1107 679 1267 728 inutili
1942 698 1993 727 ιο

594 763 809 813 demissa
844 771 1110 826 tempestas
1145 762 1210 811 ab
1247 764 1382 811 Euro

662 852 858 903 sternet,
897 860 1057 906 aquae
1092 841 1187 890 nisi
1222 842 1344 891 fallit
1379 859 1533 906 augur

526 941 718 974 annosa
751 924 933 973 cornix.
1007 926 1128 973 dum
1164 932 1320 986 potes,
1359 909 1551 972 aridum

527 1022 775 1069 compone
811 1004 1030 1068 lignum:
1078 1020 1183 1052 cras
1221 1002 1437 1052 Genium
1474 1019 1611 1052 mero

595 1088 789 1138 curabis
826 1097 875 1137 et
910 1104 1063 1152 porco
1099 1086 1321 1136 bimestri
1941 1105 1993 1147 15

662 1187 777 1219 cum
813 1169 1008 1218 famulis
1045 1186 1251 1233 operum
1288 1170 1473 1219 solutis.

531 1377 725 1433 FAVNE,
767 1374 1111 1437 Nympharum
1147 1373 1423 1436 fugientum
1458 1381 1660 1434 amator,

528 1472 616 1519 per
650 1471 790 1503 meos
825 1454 937 1503 finis
973 1463 1023 1503 et
1057 1454 1222 1517 aprica
1257 1471 1367 1502 rura

529 1535 653 1584 lenis
690 1534 891 1583 incedas
927 1535 1176 1597 abeasque
1211 1534 1371 1597 parvis

596 1632 785 1679 aequus
821 1615 1048 1674 alumnis,

531 1697 572 1745 si
607 1705 745 1746 tener
780 1698 931 1759 pleno
966 1696 1099 1746 cadit
1134 1698 1323 1746 haedus
1359 1714 1506 1757 anno,
1967 1717 1992 1757 5

530 1780 663 1840 larga
697 1794 790 1826 nec
826 1779 1006 1826 desunt
1041 1778 1248 1827 Veneris
1286 1778 1444 1827 sodali

531 1858 645 1906 vina
680 1866 907 1917 craterae,
946 1867 1084 1907 vetus
1121 1875 1203 1906 ara
1237 1861 1396 1907 multo

598 1941 754 1988 fumat
788 1940 954 1988 odore.

532 2019 658 2069 ludit
694 2020 908 2069 herboso
944 2037 1095 2083 pecus
1132 2038 1281 2069 omne
1317 2037 1510 2083 campo,

532 2118 647 2150 cum
683 2100 772 2149 tibi
809 2102 987 2149 Nonae
1023 2102 1231 2150 redeunt
1270 2102 1573 2150 Decembres
1592 2121 1604 2163 3
1945 2122 1996 2150 10

532 2183 684 2230 festus
720 2179 770 2229 in
807 2180 956 2244 pratis
994 2190 1134 2229 vacat
1171 2181 1332 2230 otioso

600 2279 713 2310 cum
751 2262 880 2310 bove
915 2278 1104 2325 pagus3

533 2342 658 2391 inter
692 2344 906 2392 audaces
942 2345 1088 2406 lupus
1125 2354 1251 2392 errat
1284 2360 1474 2406 agnos3

534 2422 713 2487 spargit
748 2422 948 2486 agrestis
986 2423 1076 2472 tibi
1113 2423 1232 2472 silva
1267 2424 1454 2474 frondis
1471 2443 1485 2485 3

531 2505 713 2566 gaudet
748 2503 955 2552 invisam
993 2504 1240 2568 pepulisse
1275 2507 1433 2554 fossor
1948 2523 1994 2565 15

601 2592 672 2633 ter
706 2585 835 2647 pede
871 2594 1061 2634 terram.
1549 2585 1551 2587 ’

1093 2708 1217 2756 XIX

669 2789 935 2848 QVANTVM
972 2786 1120 2837 distet
1154 2787 1218 2836 ab
1255 2788 1445 2837 Inacho

536 2867 731 2916 Codrus
765 2884 856 2930 pro
891 2866 1045 2930 patria
1082 2885 1183 2916 non
1221 2866 1422 2916 timidus
1457 2866 1597 2925 mori,

387 2998 655 3051 u=aBEM]
728 3012 754 3050 5
791 3000 906 3039 ducit
943 3000 1000 3039 D.
1040 3000 1239 3038 IIce'nsius
1426 3014 1473 3049 13
1509 3008 1631 3051 potes
1666 3001 1768 3040 aul:
1817 3001 1928 3051 potis
1965 3001 1994 3045 β

337 3054 481 3093 XVIII
507 3068 528 3103 7
562 3062 773 3094 creterrae
793 3054 822 3093 Β
929 3067 974 3091 12
997 3053 1129 3103 pagus
1149 3069 1176 3094 u
1197 3061 1235 3093 et
1253 3069 1337 3093 var.
1363 3055 1442 3095 lect.
1465 3058 1485 3093 δ
1505 3070 1515 3094 :
1544 3056 1701 3104 pardus
1718 3056 1871 3105 <pagus
1891 3055 1949 3107 δι)
1964 3056 1994 3095 Β

335 3109 443 3147 XIX
468 3121 484 3146 1
509 3109 634 3147 distat
655 3108 689 3146 δι
715 3107 942 3146 Victorinus
1050 3122 1074 3145 2
1105 3122 1191 3147 non
1214 3110 1384 3147 timidus
1403 3122 1480 3159 pro
1501 3110 1638 3160 patria
1656 3109 1686 3148 Β
