2084 3380
1017 113 1410 164 CARMINVM
1450 86 1660 162 mmm
1698 113 1723 162 1

397 248 535 314 atqui
571 267 672 300 non
709 266 800 315 ego
836 259 885 300 te
920 249 1052 317 tigris
1087 260 1141 301 ut
1175 268 1348 315 aspera

401 331 700 380 Gaetulusve
734 332 814 381 leo
850 333 1069 396 frangere
1103 349 1400 396 persequor:

534 413 734 461 tandem
770 412 942 462 desine
979 422 1183 462 matrem

599 492 890 556 tempestiva
925 492 1066 556 sequi
1099 493 1216 544 viro.

397 786 529 846 Qv1s
564 783 809 835 desiderio
846 784 907 834 sit
943 786 1103 849 pudor
1137 795 1222 835 aut
1258 787 1438 837 modus

397 875 498 915 tam
534 865 633 915 cari
667 864 880 930 capitis?
949 866 1176 930 praecipe
1214 867 1434 931 lugubris

347 985 349 987 .
395 954 584 1006 cantus,
624 947 958 1009 Melpomene,
998 946 1079 995 cui
1114 946 1353 1011 liquidam
1388 955 1526 1011 pater

531 1033 705 1076 vocem
741 1044 856 1076 cum
893 1026 1078 1076 cithara
1113 1027 1264 1078 dedit.

393 1138 508 1185 ergo
544 1121 841 1183 Quintilium
876 1131 1142 1186 perpetuus
1178 1139 1327 1187 sopor

398 1205 566 1266 urget!
613 1201 694 1251 cui
730 1204 898 1252 Pudor
933 1212 982 1252 et
1018 1202 1239 1253 Iustitiae
1275 1220 1424 1263 soror,

397 1282 677 1346 incorrupta
713 1282 875 1343 Fides,
914 1285 1149 1347 nudaque
1184 1283 1377 1334 Veritas

529 1364 732 1427 quando
767 1365 923 1413 ullum
959 1363 1175 1414 inveniet
1209 1366 1425 1429 parem?

397 1457 562 1508 multis
597 1458 678 1507 ille
713 1458 858 1508 bonis
894 1458 1071 1508 flebilis
1107 1459 1302 1519 occidit,

395 1539 516 1589 nulli
551 1539 759 1589 flebilior
794 1556 943 1603 quam
979 1539 1082 1599 tibi,
1121 1539 1316 1604 Vergili.

396 1630 450 1670 tu
485 1622 658 1670 frustra
693 1620 803 1684 pius
839 1622 938 1670 heu
973 1637 1076 1671 non
1111 1620 1179 1670 ita
1213 1621 1456 1672 creditum

530 1700 692 1765 poscis
729 1700 1027 1763 Quintilium
1062 1703 1197 1752 deos‚

395 1795 517 1861 quid
551 1795 593 1846 si
629 1796 861 1846 Threicio
896 1796 1126 1848 blandius
1163 1798 1367 1862 Orpheo

393 1877 614 1928 auditam
650 1878 906 1927 moderere
940 1877 1197 1927 arboribus
1232 1879 1398 1939 fidem,

395 1976 516 2009 num
551 1975 706 2008 vanae
743 1957 911 2008 redeat
946 1958 1143 2022 sanguis
1178 1957 1392 2023 imagini,

527 2056 678 2104 quam
712 2039 846 2103 virga
880 2041 1033 2089 semel
1068 2038 1278 2100 horrida,

395 2152 497 2186 non
533 2135 655 2185 lenis
690 2134 918 2199 precibus
954 2136 1054 2184 fata
1087 2136 1353 2194 recludere,

394 2215 532 2280 nigro
567 2215 859 2280 compulerit
897 2214 1172 2265 Mercurius
1205 2215 1375 2279 gregi?

393 2297 604 2347 durum:
643 2299 732 2348 sed
766 2296 921 2347 levius
957 2297 1012 2345 fit
1045 2295 1282 2360 patientia

527 2377 772 2442 quidquid
807 2376 1045 2441 corrigere
1081 2385 1155 2426 est
1188 2378 1338 2427 nefas.

136 2514 435 2567 a=aBDEm
492 2514 640 2554 XXIV
662 2526 710 2564 14
730 2515 949 2554 moderere
969 2526 1099 2565 saepe
1119 2513 1338 2554 arboribus
1358 2512 1466 2565 vr¹‹p1,b

1677 352 1727 381 10

1676 1560 1726 1589 10

1672 1980 1719 2020 15

1671 2398 1722 2428 20
