2084 3380
965 141 1359 189 CARMINVM
1410 107 1623 190 L'mER
1674 144 1756 191 111

890 604 962 650 VI

298 765 534 811 DEmCTA
572 764 816 812 maiorum
853 763 1125 812 immeritus
1161 765 1281 822 lues,

298 846 537 903 Romane,
578 844 739 893 donec
775 847 958 908 templa
995 845 1219 894 refeceris

361 925 609 988 aedesque
643 925 854 976 labentis
890 927 1097 976 deorum
1135 935 1184 975 et

428 1007 574 1055 foeda
609 1007 747 1070 nigro
782 1008 1040 1056 simulacra
1076 1009 1226 1056 sumo.

294 1089 370 1138 dis
407 1097 454 1136 te
490 1089 732 1138 minorem
769 1091 905 1153 quod
940 1091 1079 1153 geris,
1119 1088 1362 1153 imperas:

294 1169 409 1217 hinc
445 1186 594 1219 omne
629 1171 937 1234 principium,
977 1172 1075 1219 huc
1111 1171 1235 1219 refer
1271 1171 1488 1219 exitum:

362 1251 412 1299 di
448 1252 602 1299 multa
639 1252 848 1315 neglecti
885 1253 1129 1301 dederunt

428 1333 702 1395 Hesperiae
739 1334 869 1382 mala
903 1335 1171 1383 luctuosae.

293 1413 390 1461 iam
426 1413 501 1462 bis
539 1415 807 1463 Monaeses
844 1424 892 1463 et
930 1415 1100 1464 Pacori
1138 1431 1313 1463 manus

292 1511 392 1543 non
428 1495 706 1558 auspicatos
743 1497 970 1545 contudit
1007 1497 1222 1559 impetus
1709 1516 1760 1543 10

358 1584 551 1624 nostros
588 1584 636 1625 et
671 1577 912 1626 adiecisse
947 1577 1183 1640 praedam

424 1656 682 1720 torquibus
717 1658 903 1722 exiguis
941 1658 1148 1708 renidet.

290 1754 448 1801 paene
482 1747 775 1801 occupatam
811 1738 1137 1789 seditionibus

289 1820 470 1869 delevit
506 1820 680 1869 urbem
718 1823 885 1870 Dacus
922 1829 971 1871 et
1009 1823 1264 1884 Aethiops,

355 1901 437 1949 hic
471 1903 627 1951 classe
668 1903 972 1964 formidatus,
1014 1905 1094 1953 ille
1709 1923 1755 1964 15

423 1983 692 2033 missilibus
729 1986 903 2034 melior
938 1983 1136 2048 sagittis.

290 2065 500 2113 fecunda
530 2066 712 2129 ‘culpae
747 2068 944 2115 saecula
981 2067 1177 2129 nuptias

288 2146 501 2208 primum
537 2147 859 2211 inquinavere
894 2156 943 2197 et
977 2164 1135 2212 genus
1171 2156 1220 2197 et
1256 2149 1436 2196 domos
1455 2165 1472 2209 3

355 2227 453 2274 hoc
489 2226 627 2279 fonte
662 2229 880 2279 derivata
915 2230 1082 2279 clades

425 2309 475 2358 in
511 2310 719 2373 patriam
755 2312 1096 2375 populumque
1129 2300 1283 2359 fluxit.
1704 2331 1756 2357 20

289 2405 389 2437 non
426 2391 502 2439 his
538 2391 766 2439 iuventus
802 2401 908 2440 orta
944 2391 1230 2455 parentibus

290 2469 457 2519 infecit
491 2487 678 2534 aequor
713 2472 951 2535 sanguine
988 2473 1194 2531 Punico,

356 2551 696 2614 Pyrrhumque
731 2561 779 2600 et
816 2552 1066 2615 ingentem
1103 2553 1284 2602 cecidit
1699 2574 1750 2613 35

421 2632 725 2680 Antiochum
765 2624 1222 2696 Hannibalemque*
1244 2634 1422 2694 dirum,

141 2834 413 2889 u=aBEM]
479 2835 541 2876 VI
560 2849 588 2886 9
619 2836 844 2883 Monaeses
877 2836 1033 2877 lemma
1062 2836 1214 2889 Porph.
1239 2851 1250 2877 t
1286 2828 1435 2878 mones
1463 2850 1536 2878 ses
1562 2845 1620 2888 φτ
1660 2850 1748 2878 non

11 2905 14 2907 “
89 2903 207 2930 esses
224 2894 253 2942 ψ
272 2905 282 2930 :
313 2890 567 2943 mon(a)esis
584 2896 667 2932 cett.
785 2905 834 2931 10
863 2891 1152 2942 inauspicatos
1172 2892 1242 2931 αΒ
1327 2892 1505 2932 contulit
1523 2896 1587 2943 φψ
1647 2894 1654 2896 “
1699 2905 1746 2933 11

91 2946 247 2984 nostris
265 2944 454 2985 Priscian
571 2958 700 2996 11-13
718 2960 804 2986 om.
826 2946 868 2984 B
984 2947 1116 2996 15-48
1135 2959 1218 2986 om.
1246 2946 1288 2985 B
1393 2947 1448 2996 36
1467 2946 1615 2986 durum
1628 2949 1690 2999 φψ

0 2920 8 3119 5
223 3036 246 3070 .
