2084 3380
1011 137 1403 185 CARMINVM
1443 137 1654 183 LIBER
1691 137 1772 196 III

386 284 441 324 tu
477 290 615 337 spem
651 272 845 323 reducis
881 272 1130 322 mentibus
1165 272 1334 332 anxiis,
1373 317 1377 320 ⁴

388 354 601 418 virisque
636 363 685 402 et
719 353 863 402 addis
900 369 1085 402 cornua
1120 352 1322 416 pauperi

453 443 565 499 post
601 443 650 483 te
686 450 848 498 neque
883 434 1030 483 iratos
1066 433 1294 482 trementi

520 531 688 578 regum
723 514 888 577 apices
924 530 1087 578 neque
1122 514 1333 562 militum
1368 530 1516 562 arma.
1728 535 1776 561 20

385 618 434 657 te
471 607 619 657 Liber
653 617 714 668 et,
755 608 796 657 si
832 610 959 658 laeta
992 608 1161 667 aderit,
1201 610 1372 657 Venus

386 705 660 752 segnesque
696 690 886 738 nodum
922 691 1110 738 solvere
1147 688 1345 738 Gratiae

451 770 690 832 vivaeque
725 771 1002 833 producent
1038 771 1281 829 lucernae,

520 852 640 900 dum
677 850 871 900 rediens
908 853 1040 915 fugat
1075 861 1204 900 astra
1241 851 1486 900 Phoebus.

866 1002 1021 1049 XXII

385 1090 649 1137 MONT1VM
685 1097 850 1137 custos
888 1104 1261 1151 nemorumque,
1300 1087 1465 1151 Virgo,

383 1186 511 1232 quae
546 1168 813 1218 laborantis
851 1178 991 1218 utero
1028 1171 1216 1233 puellas

383 1259 456 1300 ter
491 1260 665 1300 vocata
699 1250 841 1300 audis
877 1250 1153 1314 adimisque
1189 1252 1303 1310 leto,

451 1331 563 1381 diva
599 1331 842 1391 triformis,

383 1426 647 1475 imminens
682 1426 824 1475 villae
861 1434 945 1474 tua
979 1426 1124 1489 pinus
1161 1435 1282 1484 esto,
1751 1447 1774 1487 5

382 1524 532 1571 quam
568 1524 654 1571 per
689 1515 885 1555 exactos
922 1523 1014 1570 ego
1050 1503 1229 1555 laetus*
1241 1522 1399 1555 annos

382 1587 530 1637 verris
567 1587 826 1650 obliquum
864 1586 1146 1636 meditantis
1183 1587 1336 1636 ictum

448 1668 686 1732 sanguine
721 1669 919 1717 donem.

787 1771 1140 1882 ffi

383 1908 563 1958 CAELo
599 1907 799 1971 supinas
822 1907 876 1956 -si
912 1907 1079 1957 tuleris
1115 1924 1290 1958 manus

381 1997 615 2045 nascente
652 1991 807 2048 Luna,
847 1987 1027 2038 rustica
1063 1988 1283 2053 Phidyle,

448 2069 489 2119 si
524 2079 630 2119 ture
665 2069 872 2133 placaris
908 2079 957 2119 et
991 2071 1149 2119 horna

514 2152 651 2215 fruge
687 2153 835 2201 Lares
870 2150 1114 2216 avidaque
1149 2167 1313 2216 porca,

381 2262 474 2295 nec
508 2245 820 2309 pestilentem
858 2245 1035 2296 sentiet
1070 2246 1293 2295 Africum
1407 2255 1411 2258 ’
1750 2265 1772 2306 5

380 2327 594 2376 fecunda
632 2326 742 2376 vitis
779 2343 872 2376 nec
908 2326 1121 2376 sterilem
1158 2343 1296 2389 seges

446 2406 720 2471 robiginem
755 2417 840 2456 aut
877 2409 1048 2456 dulces
1082 2406 1270 2455 alumni

515 2487 756 2551 pomifero
791 2504 934 2551 grave
972 2496 1167 2551 tempus
1201 2503 1347 2535 anno.

381 2599 496 2632 nam
532 2570 669 2646 quae
695 2582 843 2632 nivali
878 2582 1094 2647 pascitur
1127 2581 1311 2645 Algido

379 2665 560 2713 devota
595 2681 804 2727 quercus
841 2663 967 2712 inter
1003 2672 1052 2712 et
1087 2662 1222 2712 ilices
1725 2682 1772 2709 10

446 2754 530 2794 aut
566 2744 739 2794 crescit
773 2743 982 2802 Albanis
1017 2743 1068 2792 in
1103 2742 1268 2792 herbis

512 2826 711 2875 victima
747 2824 1037 2889 pontificum
1075 2823 1256 2873 securis

163 2975 192 3001 u
207 2959 431 3014 =aBEM]
490 2962 641 3002 XXIII
664 2977 689 3002 2
711 2962 878 3014 Phidyli
900 2963 1067 3015 Bentley
1174 2977 1202 3016 9
1231 2962 1368 3003 alcido
1384 2961 1414 3003 Β
1528 2975 1577 3001 12
1595 2972 1770 3000 secures

114 3015 311 3067 (securim
332 3018 413 3068 3⁷:⁴2)
434 3017 492 3056 αΒ
606 3031 738 3057 12—20
766 3031 846 3058 om.
868 3018 909 3056 Β
