2084 3380
1001 135 1393 184 CARMINVM
1433 137 1646 184 LIBER
1684 137 1757 183 IV

365 281 418 322 ut
455 271 770 322 barbarorum
808 270 1046 322 Claudius
1081 271 1278 335 agmina

363 354 537 402 ferrata
572 362 710 402 vasto
747 352 894 402 diruit
929 352 1116 416 impetu

430 433 713 499 primosque
749 444 798 484 et
834 443 1074 484 extremos
1107 435 1343 484 metendo

498 516 663 565 stravit
699 518 906 566 humum
944 516 1048 565 sine
1084 517 1226 566 clade
1253 515 1422 575 victor,

364 620 412 660 te
447 610 628 675 copias,
667 621 716 661 te
752 611 1012 661 consilium
1049 621 1098 661 et
1134 620 1244 662 tuos

362 693 629 756 praebente
665 693 817 743 divos.
890 710 1005 742 nam
1043 692 1144 753 tibi,
1184 710 1285 757 quo
1320 691 1402 743 die

431 783 599 838 portus
635 776 945 825 Alexandrea
981 776 1187 839 supplex

501 864 550 904 et
587 872 791 905 vacuam
828 854 1058 919 patefecit
1093 856 1272 915 aulam,

365 950 559 998 fortuna
594 951 747 999 lustro
781 966 1014 1014 prospera
1049 948 1192 999 tertio

366 1029 481 1079 belli
517 1031 762 1080 secundos
797 1030 1013 1080 reddidit
1049 1029 1219 1090 exituS‚

431 1112 729 1175 laudemque
765 1120 813 1160 et
849 1120 1073 1176 optatum
1108 1109 1318 1175 peractis

497 1191 711 1256 imperiis
747 1194 900 1242 decus
935 1191 1186 1257 arrogavit.

363 1297 412 1336 te
448 1288 695 1338 Cantaber
729 1304 831 1337 non
866 1296 981 1337 ante
1014 1287 1276 1338 domabilis

366 1369 647 1432 Medusque
683 1378 731 1418 et
769 1370 939 1429 Indus,
978 1378 1026 1418 te
1061 1370 1294 1433 profugus
1331 1367 1535 1432 Scythes

432 1449 643 1511 miratur,
682 1468 712 1500 o
748 1453 901 1501 tutela
935 1467 1166 1514 praesens

501 1531 672 1581 Italiae
709 1531 1040 1596 dominaeque
1078 1534 1284 1581 Romae.

365 1635 428 1686 te,
467 1626 677 1676 fontium
715 1627 800 1690 qui
837 1630 962 1677 celat
1005 1627 1229 1692 origines,

365 1707 608 1772 Nilusque
645 1718 693 1758 et
730 1708 914 1770 Hister,
953 1718 1002 1758 te
1037 1708 1235 1772 rapidus
1271 1709 1317 1756 T
1319 1705 1444 1771 igriS,

433 1798 480 1839 te
517 1789 751 1839 beluosus
788 1789 872 1853 qui
908 1789 1107 1839 remotis

500 1870 739 1934 obstrepit
775 1872 1007 1921 Oceanus
1045 1869 1305 1930 Britannis,

363 1973 412 2014 te
447 1981 550 2014 non
584 1964 807 2030 paventis
843 1966 1014 2014 funera
1051 1964 1239 2014 Galliae

362 2047 613 2110 duraeque
650 2048 793 2095 tellus
829 2045 968 2096 audit
1006 2044 1256 2105 Hiberiae,

431 2136 480 2177 te
516 2128 668 2177 caede
703 2128 975 2191 gaudentes
1013 2125 1267 2191 Sygambri

498 2208 784 2272 compositis
820 2217 1113 2259 venerantur
1147 2207 1307 2257 armis.

869 2465 964 2510 XV

367 2580 610 2627 PHOEBvs
646 2580 893 2627 volentem
930 2576 1117 2641 proelia
1152 2594 1232 2626 me
1267 2576 1405 2642 loqui

366 2658 517 2708 victas
553 2668 601 2708 et
637 2659 770 2707 urbis
806 2658 1049 2721 increpuit
1084 2660 1196 2722 lyra,

433 2757 496 2789 ne
530 2757 678 2803 parva
712 2740 1020 2802 Tyrrhenum
1057 2755 1144 2802 per
1177 2755 1359 2803 aequor

500 2823 606 2869 vela
642 2822 822 2869 darem.
898 2829 992 2879 tua,
1034 2821 1227 2879 Caesar,
1266 2824 1415 2868 aetas*

153 2968 182 2996 α
196 2956 284 3009 ==a]
340 2966 392 3005 35
422 2953 664 2994 alexandria
684 2952 773 2992 a¹rr²
883 2966 936 3003 49
964 2962 1170 3005 paventes
1189 2954 1261 2995 nnl

1710 372 1760 410 30

1707 795 1759 835 35

1707 1211 1760 1251 40

1706 1646 1758 1686 45

1706 2061 1761 2103 50
