2084 3380
0 335 28 563 l

5 621 18 675 »ζ

0 686 21 944 i

0 2601 5 2603 .
0 2420 10 2545 *nu-vnu-
0 2381 4 2395 Π

501 137 838 186 GENERAL
877 139 953 186 IN
957 138 1429 188 TRODUCTION

102 281 194 316 B.C.
218 274 272 327 38
288 272 359 328 (?).
422 273 743 316 Introduction
760 277 806 315 to
828 273 1245 318 Maecenas.—Sat.
1275 286 1310 318 1.
1327 276 1366 318 6.
1388 284 1442 330 54
1456 275 1545 318 foll.
1600 277 1699 319 The
1721 277 1827 320 date

215 344 267 388 of
289 344 379 388 this
411 345 449 389 is
480 345 600 389 fixed
630 344 691 400 by
722 357 749 387 a
780 343 1071 400 comparison
1111 345 1165 388 of
1194 347 1291 390 Sat.
1328 358 1366 389 2.
1404 348 1444 390 6.
1475 359 1534 400 40
1565 346 1576 368 ‘
1595 348 1826 404 Septimus

215 423 380 459 octavo
400 415 584 472 propior
606 415 696 458 iam
717 415 880 470 fugerit
910 430 1074 470 annus,
1096 417 1167 460 Ex
1196 430 1288 473 quo
1313 419 1564 462 Maecenas
1585 431 1657 461 me
1679 418 1828 474 coepit

214 488 383 532 habere
415 501 600 531 suorum
635 488 688 530 In
719 489 939 540 numero‚'
962 487 1069 531 with
1097 488 1177 532 the
1206 489 1463 534 references
1496 490 1543 532 in
1568 503 1638 533 vv.
1662 490 1730 543 38,
1756 500 1827 545 53,

217 568 283 615 55,
306 558 454 602 which
477 572 601 603 seem
622 566 670 602 to
692 558 751 601 fix
770 559 851 603 the
872 559 1176 615 composition
1199 561 1251 603 of
1274 562 1375 604 that
1398 561 1546 605 Satire
1566 568 1613 604 to
1635 561 1713 604 the
1735 561 1825 605 end

211 630 259 673 of
279 640 320 674 Β.
329 640 370 675 C.
393 642 462 686 31.
524 631 613 675 See
635 631 680 674 in
703 631 793 673 vol.
815 630 844 673 ii
869 630 1187 675 Introduction
1209 633 1260 675 of
1277 633 1355 677 the
1379 633 1565 689 Satires,
1587 631 1610 689 ξ
1634 645 1673 687 3.

186 809 302 867 §IL
364 812 706 857 EXTRACTS
749 813 934 857 FROM
978 814 1115 857 THE
1157 814 1547 859 SUETONIAN
1593 814 1741 858 LIFE

751 883 836 928 OF
880 885 1167 929 HORACE.

606 984 864 1026 Maecenas’
897 985 1071 1041 regard
1084 984 1173 1040 jbr
1199 984 1310 1028 him.

155 1085 440 1128 MAECENAS
471 1091 751 1140 quantopere
783 1096 888 1126 eum
920 1082 1125 1128 dilexerit
1158 1083 1270 1128 satis
1302 1091 1582 1129 monstratur
1618 1083 1695 1126 illo
1726 1085 1823 1140 epi-

94 1162 350 1210 grammate
369 1169 378 1198 :

527 1228 537 1248 ‘
553 1226 611 1264 Ni
638 1231 678 1265 te
706 1225 927 1266 visceribus
951 1226 1067 1273 meis,
1097 1226 1263 1275 Horati,

550 1279 650 1318 Plus
679 1280 759 1318 iam
788 1278 930 1330 diligo,
963 1283 1007 1318 tu
1034 1284 1150 1319 tuum
1179 1280 1364 1321 sodalem

549 1332 704 1371 Ninnio
732 1332 870 1372 videas
898 1332 1174 1383 strigosiorem
1192 1348 1200 1377 ;
1216 1332 1227 1349 ‘

95 1415 177 1459 sed
197 1415 341 1459 multo
363 1414 511 1470 magis
531 1414 745 1457 extremis
767 1412 942 1457 iudiciis
965 1413 1043 1457 tali
1061 1414 1121 1457 ad
1138 1415 1395 1470 Augustum
1412 1415 1587 1470 elogio:
1625 1415 1634 1436 ‘
1658 1415 1819 1458 Horati

95 1486 264 1540 Flacci,
287 1493 335 1529 ut
356 1485 461 1539 mei,
484 1492 584 1529 esto
604 1485 810 1529 memor!

197 1587 242 1629 A
248 1585 459 1642 agustus’
491 1586 605 1641 ffr
631 1590 677 1628 to
707 1584 803 1628 him
835 1585 897 1640 of
911 1585 987 1628 the
1009 1587 1119 1641 post
1147 1585 1207 1641 of
1223 1586 1423 1628 Private
1455 1585 1707 1641 Secretary.

152 1673 384 1727 Augustus
423 1669 722 1727 epistolarum
765 1684 946 1726 quoque
986 1670 1026 1714 ei
1068 1670 1269 1714 officium
1311 1670 1489 1722 obtulit,
1533 1679 1580 1713 ut
1627 1671 1715 1713 hoc
1760 1670 1820 1712 ad

95 1744 411 1787 Maecenatem
441 1741 611 1799 scripto
640 1738 897 1797 significat:
943 1743 1090 1785 ‘Ante
1123 1741 1221 1798 ipse
1255 1741 1537 1785 sufficiebam
1567 1741 1822 1785 scribendis

91 1813 297 1870 epistolis
339 1814 616 1858 amicorum:
666 1827 786 1857 nunc
828 1812 1210 1869 occupatissimus
1247 1821 1291 1858 et
1330 1813 1535 1858 infirmus
1575 1812 1820 1856 Horatium

93 1894 297 1930 nostrum
332 1901 360 1930 a
394 1893 442 1930 te
478 1885 612 1942 cupio
648 1885 890 1929 abducere.
953 1884 1122 1928 Veniet
1160 1884 1298 1941 igitur
1339 1885 1398 1929 ab
1442 1885 1529 1929 ista
1571 1884 1820 1941 parasitica

94 1972 252 2002 mensa
282 1958 343 2002 ad
373 1958 495 2001 hanc
525 1957 711 2012 regiam,
745 1965 788 2000 et
821 1971 904 2000 nos
936 1957 980 1999 in
1018 1956 1222 2012 epistolis
1260 1956 1515 2002 scribendis
1554 1957 1819 2000 adiuvabit.'

90 2031 159 2073 Ac
190 2043 248 2073 ne
279 2029 508 2073 recusanti
540 2028 725 2084 quidem
756 2036 833 2072 aut
870 2027 1130 2072 succensuit
1166 2028 1413 2085 quicquam
1450 2035 1528 2072 aut
1565 2027 1817 2072 amicitiam

89 2115 221 2146 suam
253 2101 458 2157 ingerere
490 2100 637 2144 desiit.

381 2201 606 2244 Extracts
623 2200 756 2256 from
787 2199 943 2243 letters
972 2200 1028 2256 of
1051 2200 1300 2256 Augustus
1329 2203 1376 2243 to
1405 2199 1519 2244 him.

147 2287 317 2331 ‘Sume
347 2285 430 2330 tibi
460 2284 633 2342 aliquid
670 2284 779 2328 iuris
816 2285 941 2341 apud
975 2298 1050 2328 me
1086 2292 1323 2342 tamquam
1361 2283 1397 2327 si
1433 2284 1669 2328 convictor
1703 2285 1814 2329 mihi

87 2358 251 2403 fueris:
296 2366 421 2402 recte
452 2357 575 2402 enim
606 2364 653 2401 et
688 2369 782 2399 non
814 2363 987 2399 temere
1021 2355 1200 2409 feceris,
1237 2353 1455 2412 quoniam
1487 2355 1533 2399 id
1563 2369 1673 2399 usus
1704 2356 1812 2400 mihi

87 2436 241 2477 tecum
262 2442 365 2473 esse
385 2428 507 2471 volui
531 2428 568 2471 si
590 2441 673 2484 per
694 2426 1003 2471 valetudinem
1024 2433 1153 2470 tuam
1175 2426 1273 2470 fieri
1294 2425 1467 2482 possit.’
1778 2440 1782 2444 ’

148 2499 264 2543 ‘Tui
304 2500 485 2556 qualem
526 2499 727 2542 habeam
767 2497 1040 2541 memoriam
1078 2498 1251 2554 poteris
1284 2512 1339 2542 ex
1371 2497 1596 2555 Septimio
1631 2513 1813 2556 quoque

88 2579 244 2615 nostro
275 2569 460 2614 audire:
491 2584 597 2614 nam
632 2569 792 2613 incidit
824 2576 872 2612 ut
903 2568 981 2612 illo
1012 2583 1169 2613 coram
1201 2569 1326 2614 fieret
1358 2584 1386 2612 a
1414 2583 1487 2613 me
1515 2569 1580 2613 tui
1606 2570 1809 2615 mentio:

88 2656 238 2700 neque
259 2642 298 2686 si
326 2650 375 2685 tu
404 2643 625 2698 superbus
659 2640 910 2684 amicitiam
931 2648 1137 2685 nostram
1167 2640 1377 2696 sprevisti
1402 2641 1504 2685 ideo
1525 2654 1610 2684 nos
1632 2655 1811 2698 quoque

87 2713 539 2770 ἀνθυπερφρονοῦμεν.’

146 2785 361 2830 ‘Pertulit
402 2785 461 2828 ad
502 2798 576 2828 me
619 2783 869 2839 Dionysius
910 2783 1113 2828 libellum
1155 2792 1297 2833 tuum,
1340 2798 1476 2840 quem
1517 2797 1615 2839 ego,
1658 2791 1706 2827 ut
1751 2797 1809 2828 ne

88 2851 298 2900 accusem
338 2856 624 2909 brevitatem,
660 2854 1085 2911 quantuluscunque
1117 2864 1201 2909 est,
1241 2854 1346 2899 boni
1389 2855 1590 2898 consulo.
1650 2855 1807 2897 Vereri

88 2935 241 2972 autem
261 2926 373 2970 mihi
396 2926 564 2970 videris
590 2940 647 2970 ne
668 2925 863 2969 maiores
886 2925 1024 2969 libelli
1054 2926 1117 2970 tui
1142 2926 1230 2970 sint
1253 2941 1390 2983 quam
1414 2926 1509 2982 ipse
1531 2940 1593 2970 es.
1658 2926 1749 2970 Sed
1771 2927 1806 2971 si
