2084 3380
983 148 1376 198 CARMINVM
1416 148 1628 196 LIBER
1666 149 1717 196 II

326 306 413 339 cur
446 305 548 338 non
585 288 677 337 sub
712 288 810 337 alta
844 289 921 336 vel
956 288 1157 350 platano
1193 287 1270 334 vel
1306 286 1399 334 hac

326 370 447 433 pinu
483 369 698 418 iacentes
735 368 804 417 sic
840 377 1024 417 temere
1061 376 1109 416 et
1144 383 1254 416 rosa

392 467 544 500 canos
579 449 771 500 odorati
806 448 1023 512 capiIIOS,
1673 466 1718 507 15

459 533 581 581 dum
616 530 743 590 licet,
782 530 1078 593 Assyriaque
1113 530 1269 578 nardo

325 634 554 690 potamus
590 624 766 674 uncti?
834 624 1039 688 dissipat
1076 623 1264 673 Euhius

326 723 466 756 curas
501 707 692 756 edaces.
766 705 875 769 quis
910 721 1032 768 puer
1067 704 1204 754 ocius

392 787 658 851 restinguet
692 785 908 835 ardentis
946 785 1138 835 Falerni

420 874 423 876 ’
459 870 639 932 pocula
662 875 1014 930 ‘praetereunte
1048 867 1285 931 lympha?
1671 885 1719 912 20

324 963 434 1027 quis
470 962 670 1012 devium
706 970 923 1011 scortum
959 960 1122 1010 eliciet
1157 963 1312 1011 domo

324 1046 539 1108 Lyden?
606 1044 794 1093 eburna
828 1042 910 1092 dic
943 1059 1033 1106 age
1068 1059 1183 1091 cum
1218 1044 1319 1105 lyra

392 1133 601 1174 maturet
636 1125 686 1173 in
722 1133 978 1188 comptum
1014 1126 1273 1173 Lacaenae

457 1222 594 1256 more
630 1222 797 1255 comas
832 1205 1031 1270 religata
1065 1206 1267 1255 nodum.

826 1385 931 1432 XII

326 1488 492 1536 NOL1s
528 1487 675 1550 longa
710 1486 840 1534 ferae
876 1485 1006 1533 bella
1041 1482 1343 1534 Numantiae

325 1584 420 1617 nec
455 1569 633 1618 durum
672 1565 1011 1616 Hannibalem
1047 1583 1140 1615 nec
1177 1565 1396 1614 Siculum
1432 1580 1566 1614 mare

325 1650 496 1698 Poeno
532 1663 833 1711 purpureum
869 1645 1107 1710 sanguine
1142 1645 1374 1695 mollibus

456 1728 611 1793 aptari
646 1728 861 1777 citharae
896 1727 1073 1788 modis,

322 1838 415 1872 nec
451 1838 622 1871 saevos
659 1821 894 1890 Lapithas
930 1831 978 1871 et
1014 1821 1222 1871 nimium
1260 1838 1396 1871 mero
1691 1843 1712 1881 ,ς

325 1905 574 1966 Hylaeum
611 1901 928 1966 domitosque
965 1904 1216 1952 Herculea
1251 1919 1402 1951 manu

322 1982 533 2033 Telluris
569 1982 784 2043 iuvenes,
825 1985 959 2033 unde
994 1983 1267 2046 periculum

454 2064 646 2127 fulgens
683 2063 980 2112 contremuit
1016 2064 1195 2112 domus

323 2157 518 2207 Saturni
553 2156 759 2218 veteris;
807 2167 959 2221 tuque
994 2157 1305 2221 pedestribus

320 2237 456 2287 dices
492 2237 705 2287 historiis
741 2238 927 2302 proelia
963 2238 1200 2298 CaesariS,
1664 2257 1712 2285 10

323 2320 604 2379 Maecenas,
645 2318 820 2367 melius
856 2321 1106 2382 ductaque
1140 2335 1227 2382 per
1261 2317 1363 2366 vias

454 2415 624 2463 regum
661 2401 789 2448 colla
824 2398 1104 2448 minacium.

320 2511 400 2544 me
435 2486 605 2544 dulces
643 2493 876 2543 dominae
914 2496 1062 2544 Musa
1097 2494 1383 2558 Licymniae

320 2583 506 2634 cantus,
547 2592 626 2623 me
662 2575 815 2624 voluit
852 2574 1016 2624 dicere
1051 2575 1271 2624 lucidum

319 2647 547 2719 fulgentis
583 2658 754 2705 oculos
791 2665 839 2705 et
873 2657 1002 2705 bene
1038 2656 1221 2706 mutuis
1485 2698 1493 2707 .
1662 2675 1707 2716 15

454 2739 608 2787 fidum
644 2747 817 2801 pectus
853 2738 1117 2799 amoribus,

0 2861 11 2901 ἒ
98 2865 410 2920 n=aBDEM]
487 2868 550 2907 XI
576 2871 624 2908 16
642 2869 909 2920 Assyrioque
928 2869 972 2909 Β
1113 2883 1163 2921 19
1192 2872 1453 2922 restringuet
1475 2871 1517 2910 E
1655 2886 1704 2912 21

0 2927 14 2979 5³
48 2921 142 2970 quis
161 2921 481 2962 delitescentem
503 2922 642 2963 Slater
662 2922 762 2963 Gow
890 2937 1023 2975 23-24
1044 2926 1305 2976 incomptum
1330 2927 1390 2979 (in
1411 2931 1625 2978 comptum
1646 2926 1705 2977 Β)

0 2992 3 2993 ’
46 2973 156 3014 codd.
227 2976 453 3016 comamss:
474 2991 620 3017 comae
638 2978 680 3016 Β
746 2979 1002 3029 incomptam
1026 3011 1034 3019 .
1060 3010 1069 3019 .
1095 3011 1103 3019 .
1129 2993 1288 3019 comam
1311 3011 1320 3020 .
1342 3011 1352 3020 .
1376 3011 1386 3021 .
1410 2982 1522 3021 nodo
1542 2981 1707 3032 Bentley

46 3026 133 3070 XII
158 3041 184 3067 2
204 3030 342 3070 dirum
363 3043 477 3071 unus
499 3031 842 3084 Cruqm'anorum
956 3046 1004 3072 12
1033 3035 1291 3074 minancium
1310 3035 1356 3073 D
