2084 3380
470 657 552 736 Q.
615 656 986 723 HORATI
1053 655 1396 722 FLACCI

666 821 1198 888 CARMINVM

625 1012 838 1060 LIBER
875 1011 1240 1062 SECVNDVS

919 1164 942 1210 I

370 1259 574 1307 MOTVM
610 1274 670 1306 ex
707 1258 912 1306 Metello
947 1259 1149 1307 consule
1185 1255 1395 1307 civicum

369 1338 583 1403 bellique
620 1354 790 1387 causas
826 1347 875 1387 et
906 1337 1022 1387 vitia
1057 1347 1105 1387 et
1141 1340 1318 1388 modos

436 1420 709 1483 ludumque
747 1420 992 1468 Fortunae
1027 1418 1284 1483 gravisque

501 1499 778 1564 principum
812 1498 1051 1549 amicitias
1086 1508 1135 1549 et
1169 1516 1304 1548 arma

369 1597 596 1646 nondum
633 1593 837 1659 expiatis
873 1603 1023 1644 uncta
1057 1595 1326 1656 cruoribuS,

367 1676 670 1741 periculosae
707 1678 911 1746 plenum
947 1693 1072 1740 opus
1107 1678 1258 1737 aleae,

438 1766 629 1818 tractas,
668 1766 717 1806 et
754 1756 943 1807 incedis
978 1774 1065 1821 per
1099 1756 1224 1821 ignis

502 1838 782 1903 suppositos
818 1838 968 1888 cineri
1003 1840 1191 1888 doloso,

367 1935 568 1997 paulum
605 1949 799 1982 severae
836 1934 984 1982 Musa
1018 1933 1296 1996 tragoediae

370 2014 497 2064 desit
532 2014 763 2064 theatris:
813 2030 928 2063 mox
963 2014 1049 2063 ubi
1084 2014 1308 2078 publicas

437 2113 512 2145 res
549 2095 800 2156 ordinaris,
841 2097 1025 2159 grande
1062 2112 1242 2144 munus

506 2177 750 2241 Cecropio
787 2186 976 2241 repetes
1013 2177 1271 2236 cothurno,

368 2270 558 2336 insigne
594 2271 791 2322 maestis
830 2271 1128 2335 praesidium
1164 2271 1257 2320 reis

369 2362 419 2402 et
453 2353 743 2412 consulenti,
785 2353 956 2412 Pollio,
996 2351 1171 2411 curiae,

441 2433 521 2482 cui
555 2435 718 2483 laurus
754 2443 978 2483 aeternos
1015 2434 1226 2482 honores

505 2515 783 2565 Delmatico
818 2513 1006 2579 peperit
1040 2513 1303 2578 triumpho.

372 2609 470 2659 iam
505 2627 638 2659 nunc
674 2609 855 2658 minaci
892 2626 1140 2659 murmure
1176 2626 1417 2659 cornuum

371 2691 651 2756 perstringis
686 2691 829 2752 auris,
867 2690 966 2740 iam
1001 2690 1109 2740 litui
1144 2699 1379 2755 strepunt,

437 2771 536 2821 iam
572 2774 729 2836 fulgor
764 2788 1011 2821 armorum
1049 2773 1245 2835 fugaces

505 2862 649 2902 terret
684 2868 839 2922 equos
875 2851 1198 2916 equitumque
1233 2853 1408 2901 vultus

161 2986 471 3040 n=aBDEM]
531 2988 546 3026 1
567 2999 592 3044 5
612 2988 741 3026 tincta
761 2986 929 3036 Bentley
1040 2998 1088 3035 13
1117 2986 1230 3039 regis
1250 2985 1294 3025 π1

151 3052 280 3076 HORA'H
304 3052 407 3075 CARM.

1696 2036 1770 2063 ,10
