2084 3380
0 2246 13 2291 ἒ

0 2289 13 2430 {-

0 2435 11 2502 l·

0 2503 15 2598 ξ

138 3075 402 3127 n=aBEM]
462 3090 515 3115 20
535 3078 776 3117 reiectaene
801 3078 1029 3117 Burmann

86 3126 230 3180 δὶπῖφψ
341 3142 362 3179 7
393 3130 526 3169 sentis
546 3130 714 3181 Bentley
822 3133 847 3169 8
877 3132 982 3171 duro
1003 3132 1167 3182 Benthy
1280 3134 1327 3171 18
1352 3133 1490 3171 animo
1511 3133 1685 3205 ΕΜδῖζτῖ

1616 3189 1642 3222 5.

989 139 1383 188 CARMINVM
1421 141 1634 189 LIBER
1673 143 1756 191 111

432 279 443 301 ‘
461 291 541 324 me
576 284 724 325 torret
760 277 866 325 face
903 285 1073 325 mutua

295 355 504 404 Thurini
541 355 703 406 Calais
740 356 866 405 filius
903 357 1091 420 Ornyti,

428 452 518 500 pro
553 452 653 500 quo
689 436 764 485 bis
799 437 955 501 patiar
989 438 1127 498 mori,

295 516 335 565 si
372 526 572 581 parcent
608 533 762 580 puero
798 518 896 566 fata
931 517 1212 581 superstiti!

429 597 551 660 quid
585 596 626 645 si
661 597 820 661 prisca
854 598 980 648 redit
1015 600 1187 647 Venus

293 677 623 741 diductosque
661 678 776 742 iugo
812 679 942 742 cogit
977 695 1148 739 aeneo,

427 758 468 807 si
503 761 628 808 flava
664 759 903 809 excutitur
940 761 1099 810 Chloe

293 839 598 904 reiectaeque
635 849 770 904 patet
805 840 952 890 ianua
987 841 1212 904 Lydiae?

431 925 760 985 ‘quamquam
799 921 957 971 sidere
991 923 1240 986 pulchrior

291 1001 371 1050 ille
407 1011 493 1062 est,
533 1011 585 1050 tu
621 1001 773 1051 levior
807 1004 989 1052 cortice
1024 1011 1073 1052 et
1108 1002 1338 1068 improbo

427 1083 705 1133 iracundior
742 1082 946 1144 Hadria,

291 1172 455 1213 tecum
491 1163 651 1214 vivere
686 1181 866 1226 amem,
902 1174 1066 1214 tecum
1103 1166 1282 1215 obeam
1318 1165 1498 1216 libens·⁴

827 1317 873 1362 X

293 1404 602 1450 EXTREMVM
639 1401 832 1451 Tanain
869 1401 910 1450 si
945 1401 1155 1463 bibereS,
1194 1405 1340 1467 Lyce,

288 1498 435 1532 saevo
471 1491 625 1546 nupta
660 1482 778 1542 viro,
818 1499 897 1531 me
934 1492 1100 1532 tamen
1135 1500 1331 1547 asperas

287 1572 566 1627 porrectum
601 1572 716 1612 ante
752 1562 867 1612 foris
904 1563 1100 1614 obicere
1135 1564 1309 1614 incolis

421 1648 635 1711 plorares
671 1645 1018 1710 Aquilonibus.

284 1727 427 1777 audis
463 1744 565 1791 quo
601 1726 803 1791 strepitu
839 1727 999 1787 ianua,
1038 1743 1140 1790 quo
1176 1744 1352 1777 nemus

284 1809 411 1860 inter
445 1811 649 1874 pulchra
683 1819 843 1859 satum
879 1819 1009 1859 tecta
1043 1810 1281 1874 remugiat

284 1891 455 1952 ventis,
495 1900 544 1940 et
579 1890 763 1955 positas
799 1900 852 1940 ut
886 1891 1062 1954 glaciet
1098 1891 1234 1941 nives

419 1989 543 2036 puro
579 1971 782 2021 numine
820 1971 1077 2036 Iuppiter?

284 2055 522 2120 ingratam
559 2054 741 2104 Veneri
776 2071 917 2119 pone.
943 2053 1236 2118 superbiam,

283 2154 347 2186 ne
381 2146 605 2187 currente
641 2146 769 2186 retro
804 2136 933 2186 funis
969 2146 1048 2186 eat
1083 2146 1201 2186 rota.

283 2236 385 2269 non
420 2229 469 2269 te
506 2221 792 2283 Penelopen
828 2219 1078 2269 difficilem
1114 2219 1276 2282 procis

416 2302 699 2364 Tyrrhenus
734 2300 903 2364 genuit
938 2316 1126 2364 parens.

284 2399 314 2430 o
350 2381 573 2445 quamvis
610 2397 773 2445 neque
808 2390 857 2430 te
893 2397 1097 2429 munera
1132 2396 1224 2429 nec
1260 2395 1429 2444 preces

282 2479 375 2512 nec
410 2462 591 2512 tinctus
628 2462 758 2512 viola
791 2464 947 2526 pallor
980 2460 1254 2511 amantium

282 2560 375 2592 nec
409 2543 480 2592 vir
516 2543 674 2593 Pieria
708 2543 895 2607 paelice
931 2541 1124 2592 saucius

415 2634 594 2684 curvat,
635 2623 940 2688 supplicibus
977 2623 1072 2673 tuis

282 2722 464 2769 parcaS‚
503 2723 596 2755 nec
632 2705 786 2770 rigida
822 2705 1015 2756 mollior
1049 2707 1249 2755 aesculo

281 2802 374 2834 nec
411 2786 598 2836 Mauris
633 2787 854 2836 animum
891 2787 1054 2836 mitior
1088 2782 1345 2850 anguibus.

280 2881 383 2914 non
417 2868 514 2916 hoc
549 2884 742 2931 semper
777 2867 866 2917 erit
901 2867 1081 2916 liminis
1117 2876 1202 2916 aut
1237 2883 1394 2930 aquae

414 2948 635 2997 caelestis
671 2947 861 3011 patiens
898 2950 1036 2997 latus.

1715 462 1759 501 15

1708 864 1757 892 20

1701 2156 1751 2187 10

1700 2563 1746 2605 15

1692 2968 1742 2995 20

1113 3091 1161 3117 21
1183 3079 1375 3128 quamvis
1395 3079 1424 3118 Β
1507 3080 1548 3118 Χ
1569 3082 1595 3118 6
1615 3082 1741 3119 situm
