2084 3380
470 456 549 535 Q.
620 455 988 522 HORATI
1056 456 1396 524 FLACCI

616 614 673 679 C
691 614 757 678 A
777 614 837 678 R
860 600 931 678 M
958 613 1072 678 ΙΝ
1093 613 1156 677 V
1178 613 1247 677 M

654 783 868 830 LIBER
902 783 1206 830 TERTIVS

366 1035 470 1084 om
507 1004 770 1100 prdfanum
803 1033 977 1097 vulgus
1012 1040 1062 1082 et
1096 1046 1275 1092 arce03

365 1115 524 1163 favete
559 1113 764 1178 linguis:
813 1113 1032 1162 carmina
1066 1130 1168 1163 non
1203 1112 1336 1177 prius

429 1193 598 1244 audita
634 1196 892 1243 Musarum
925 1195 1154 1243 sacerdos

495 1273 762 1338 virginibus
798 1273 1060 1338 puerisque
1095 1282 1255 1323 canto.

362 1371 531 1418 regum
566 1354 899 1405 timendorum
935 1354 986 1403 in
1021 1353 1244 1419 proprios
1278 1370 1459 1419 greges,
1734 1377 1755 1415 5

361 1452 497 1499 reges
531 1434 583 1490 in
618 1434 751 1499 ipsos
786 1435 1047 1499 imperium
1082 1443 1157 1484 est
1191 1434 1336 1494 Iovis,

426 1514 543 1564 clari
578 1514 822 1579 Giganteo
857 1514 1122 1579 triumpho,

492 1603 672 1645 cuncta
706 1595 967 1660 supercilio
1003 1594 1258 1645 moventis.

358 1684 435 1725 est
468 1683 522 1724 ut
556 1675 659 1724 viro
694 1675 765 1724 vir
799 1675 943 1725 latius
980 1675 1173 1725 ordinet

356 1757 555 1807 arbusta
588 1756 748 1817 sulcis,
788 1756 870 1806 hic
904 1756 1184 1820 generosior
1709 1779 1757 1808 10

423 1839 693 1888 descendat
728 1837 779 1886 in
817 1838 1064 1901 Campum
1101 1836 1291 1901 petitor,

491 1917 710 1968 moribus
746 1918 827 1967 hic
863 1918 1134 1982 meliorque
1170 1920 1300 1968 fama

355 2001 636 2059 contendat,
676 1997 745 2046 illi
781 1999 925 2048 turba
960 1998 1214 2048 clientium

355 2079 417 2129 sit
452 2079 635 2128 maior:
682 2095 843 2143 aequa
877 2081 984 2143 lege
1022 2078 1302 2129 Necessitas

421 2158 617 2210 sortitur
650 2158 854 2223 insignis
889 2167 938 2208 et
973 2158 1132 2220 im0s;
1703 2179 1748 2219 15

487 2256 636 2290 omne
671 2256 826 2304 capax
862 2248 1028 2289 movet
1062 2256 1185 2288 urna
1219 2256 1415 2290 nomen.

352 2320 612 2371 destrictus
649 2321 779 2371 ensis
815 2320 896 2370 cui
932 2337 1078 2384 super
1113 2319 1264 2384 impia

353 2400 540 2451 cervice
576 2403 773 2465 pendet,
813 2418 914 2451 non
952 2400 1144 2450 Siculae
1179 2401 1333 2463 dapes

418 2483 615 2532 dulcem
652 2482 977 2531 elaborabunt
1012 2498 1252 2545 saporem,

485 2579 588 2612 non
622 2561 786 2611 avium
823 2561 1137 2626 citharaeque
1168 2571 1341 2612 cantus
1699 2584 1749 2612 20

352 2659 583 2693 somnum
618 2644 888 2693 reducent:
938 2659 1141 2692 somnus
1176 2643 1439 2708 agrestium

350 2724 473 2774 lenis
509 2724 722 2773 virorum
757 2741 860 2774 non
896 2723 1096 2774 humilis
1131 2725 1310 2775 domos

417 2804 602 2854 fastidit
637 2804 1021 2868 umbrosamque
1057 2804 1226 2869 ripam,

483 2902 586 2935 non
620 2885 852 2949 Zephyris
887 2884 1066 2948 agitata
1100 2888 1304 2950 Tempe.

152 3029 182 3058 α
195 3014 467 3067 ιαΒΒΕΜ]
527 3015 547 3056 1
565 3016 594 3055 6
612 3020 678 3055 est
706 3014 800 3065 quis
821 3016 864 3067 (i.
881 3027 912 3056 e.
935 3015 1129 3067 ns‘rovrs)
1152 3014 1194 3053 π1
1304 3028 1331 3065 9
1355 3020 1420 3055 est
1439 3020 1482 3055 et
1501 3014 1543 3054 E
1560 3029 1568 3055 :
1600 3019 1690 3055 esto
1711 3019 1756 3054 ut
1821 3019 1835 3030 ·

99 3069 267 3121 Bentley
378 3082 424 3119 17
449 3068 664 3110 districtus
682 3071 772 3121 πφψ
