2084 3380
384 366 616 415 spargens
651 349 907 400 Avernalis
941 365 1094 413 aquas

315 433 480 481 horret
514 430 702 495 capillis
737 441 791 480 ut
828 431 1042 480 marinus
1077 429 1261 495 asperis

381 511 588 561 echinus
623 521 708 561 aut
743 528 941 562 currens
975 528 1105 576 aper.

313 593 491 643 abacta
525 594 660 641 nulla
694 592 818 642 Veia
853 591 1158 642 conscientia

381 671 628 737 ligonibus
662 672 796 723 duris
819 674 1039 722 -humum

315 753 631 803 exhauriebat
665 753 920 818 ingemens
955 753 1220 814 laboribuS,

381 851 483 899 quo
516 843 685 898 posset
719 834 933 885 infossus
968 851 1090 899 puer

313 918 463 981 longo
497 916 580 967 die
613 916 691 966 bis
725 925 896 981 terque
932 925 1149 969 mutatae
1183 916 1324 980 dapis

379 996 589 1047 inemori
623 999 918 1061 spectacu10‚

381 1176 620 1223 suspensa
653 1168 824 1209 mento
860 1176 1094 1224 corpora;

313 1249 508 1290 exsecta
541 1240 614 1290 uti
648 1242 867 1291 medulla
886 1250 950 1290 et
983 1240 1176 1292 aridum
1211 1239 1345 1294 iecur

379 1323 561 1374 amoris
596 1332 725 1374 esset
759 1325 1008 1389 poculum,

311 1402 627 1454 interminato
661 1420 777 1454 cum
813 1406 966 1454 semel
1000 1404 1125 1453 fixae
1158 1403 1275 1457 cibo

378 1483 706 1534 intabuissent
739 1486 966 1549 pupulae.

311 1581 415 1617 non
449 1565 664 1616 defuisse
700 1567 947 1615 masculae
981 1564 1200 1615 libidinis

378 1645 744 1696 Ariminensem
782 1645 972 1696 Foliam

311 1735 362 1776 et
395 1727 555 1776 otiosa
588 1726 798 1777 credidit
834 1726 1072 1791 Neapolis

379 1815 429 1857 et
462 1824 613 1857 omne
647 1806 864 1856 vicinum
900 1807 1157 1872 oppidum,

312 1904 441 1952 quac
476 1887 651 1938 sidera
671 1896 928 1938 excantata
962 1905 1085 1938 voce
1120 1889 1360 1941 Thessala

378 1970 647 2034 lunamque
682 1971 820 2019 caelo
857 1968 1046 2033 deripit.

312 2049 394 2100 hic
427 2049 712 2101 irresectum
748 2067 892 2100 saeva
927 2051 1077 2100 dente
1112 2049 1264 2100 livido

380 2131 593 2183 Canidia
626 2133 807 2182 rodens
842 2131 1073 2196 pollicem

379 2310 484 2343 non
517 2293 743 2343 infideles
779 2293 1001 2353 arbitrae,

314 2376 430 2424 Nox
463 2382 513 2424 et
549 2373 724 2434 Diana,
763 2390 891 2437 quae
927 2372 1175 2422 silentium
1211 2371 1336 2435 regis

380 2471 558 2504 arcana
592 2471 706 2503 cum
742 2455 867 2503 fiunt
903 2470 1053 2514 sacra,

381 2618 503 2667 iram
537 2628 687 2683 atque
721 2630 908 2668 numen
943 2617 1146 2667 vertite!

313 2698 646 2750 formidulosis
681 2715 794 2748 cum
832 2700 986 2748 latent
1021 2697 1152 2748 silvis
1189 2699 1319 2747 ferae

381 2779 515 2828 dulci
550 2795 728 2843 sopore
763 2779 1036 2845 languidae,

115 2980 168 3019 37
188 2972 366 3011 exsucta
388 2965 424 3007 C
429 2964 500 3004 ²M
524 3022 529 3026 ,
596 2974 731 3014 53-54
745 2965 842 3014 post
862 2961 915 3010 56
935 2962 1031 3010 trsp.
1056 2953 1296 3005 Peerlkamp

43 3024 49 3058 ³.
117 3020 312 3063 a²C¹M6²
395 3021 493 3059 dum
522 3031 631 3070 xcum
651 3017 704 3068 6²)
728 3016 756 3055 Β

1403 127 1692 177 EPODON
1730 128 1776 173 V

314 277 366 318 at
400 267 629 334 expedita
662 267 855 333 Sagana
885 283 975 333 -per
1010 275 1164 320 totam
1200 267 1407 316 domum
1727 283 1747 311 2
1753 283 1775 323 5

1726 669 1779 730 30

314 1095 430 1128 cum
453 1077 752 1142 promineret
776 1095 873 1139 ore,
902 1086 1144 1143 quantum
1168 1085 1360 1133 exstant
1381 1093 1512 1141 aqua
1571 1078 1576 1080 “
1728 1093 1776 1134 35

1725 1500 1781 1541 40

1725 1905 1779 1946 45

314 2212 436 2277 quid
471 2212 592 2263 dixit
626 2222 711 2262 aut
746 2213 870 2277 quid
905 2212 1092 2262 tacuit?
1148 2217 1160 2239 ‘
1177 2229 1209 2262 o
1244 2212 1390 2265 rebus
1427 2209 1549 2260 meis

1726 2310 1779 2350 50

315 2553 463 2597 nunc,
501 2553 634 2586 nunc
667 2538 853 2597 adeste,
894 2552 1027 2585 nunc
1062 2535 1114 2584 in
1148 2533 1339 2584 hostilis
1374 2535 1552 2584 domos

1727 2716 1775 2755 55

169 2926 199 2954 α
212 2933 238 2948 =
254 2910 434 2964 aBCM]
494 2911 548 2950 28
569 2909 759 2949 Laurens
780 2904 831 2945 N.
851 2903 1053 2944 Heinsius
1145 2912 1197 2950 34
1219 2898 1439 2939 inmemori
1462 2897 1612 2949 (snem-
1628 2895 1681 2947 6²>
1701 2894 1772 2934 fla'2

1400 2964 1452 3003 55
1474 2950 1770 2991 formidulosae
