2084 3380
314 116 374 176 Q.
417 114 694 164 HORATI
734 116 985 165 FLACCI

514 270 615 302 non
651 263 908 304 aestuosae
942 264 1076 319 grata
1113 255 1369 306 Calabriae
1948 275 1970 316 5

514 344 748 396 armenta,
787 353 889 385 non
924 353 1098 385 aurum
1134 346 1218 385 aut
1255 338 1376 386 ebur
1415 336 1661 398 Indicum,

583 433 684 465 non
721 433 830 465 rura
866 433 993 480 quae
1030 417 1155 465 Liris
1192 417 1358 480 quieta

647 499 842 547 mordet
877 514 1006 561 aqua
1041 497 1310 548 taciturnus
1345 498 1518 547 amnis.

513 601 738 655 premant
775 593 1014 642 Calenam
1049 593 1174 641 falce
1211 591 1391 654 quibus
1427 594 1567 644 dedit

513 675 708 723 fortuna
743 673 908 734 vitem,
947 673 1085 728 dives
1121 682 1170 722 et
1205 672 1363 722 aureis
1924 692 1974 720 10
2011 676 2013 678 ’

581 763 822 804 mercator
857 754 1069 804 exsiccet
1105 753 1296 803 culullis

645 835 759 884 vina
797 837 915 898 Syra
949 844 1170 898 reparata
1206 851 1382 894 merce,

513 928 588 978 dis
625 945 765 979 carus
801 928 933 992 ipsiS,
973 929 1157 993 quippe
1192 937 1265 978 ter
1301 938 1349 978 et
1385 937 1558 992 quater

511 1026 645 1059 anno
681 1009 894 1059 revisens
931 1026 1116 1073 aequor
1150 1009 1456 1059 Atlanticum

579 1091 795 1154 impune.
847 1108 927 1140 me
962 1099 1171 1153 pascunt
1208 1082 1377 1150 olivae,
1924 1110 1971 1149 15

645 1188 725 1220 me
761 1171 989 1220 cichorea
1023 1173 1255 1234 levesque
1291 1172 1493 1220 malvae.

512 1265 603 1314 frui
639 1266 818 1329 paratis
856 1275 904 1315 et
939 1265 1104 1315 valido
1140 1265 1275 1325 mihi,

512 1347 683 1406 Lath,
721 1348 893 1406 dones,
932 1355 994 1407 at,
1035 1362 1219 1410 precor,
1260 1346 1447 1411 integra

579 1443 692 1475 cum
730 1436 909 1487 mente,
949 1444 1043 1477 nee
1078 1436 1272 1492 turpem
1310 1435 1561 1477 senectam

645 1508 823 1570 degere
859 1524 951 1558 nee
987 1508 1173 1557 cithara
1209 1516 1471 1558 carentem.
1920 1528 1972 1556 20

1037 1645 1243 1691 XXXII

475 1772 479 1776 .
511 1732 795 1779 Posc1MVR.
853 1729 892 1778 si
930 1730 1051 1794 quid
1085 1731 1228 1780 vacui
1265 1732 1359 1780 sub
1394 1731 1569 1781 umbra

509 1810 714 1860 lusimus
751 1820 928 1871 tecum,
969 1813 1106 1874 quod
1142 1820 1191 1861 et
1226 1813 1360 1861 hunc
1395 1812 1447 1860 in
1481 1828 1669 1862 annum

510 1891 638 1940 vivat
674 1901 723 1940 et
758 1891 921 1955 pluris,
961 1908 1050 1955 age
1087 1891 1167 1941 dic
1204 1892 1453 1953 Latinum,

549 1972 780 2032 ‚barbite‚
821 1989 1034 2032 carmen,

510 2066 694 2117 Lesbio
730 2067 943 2130 primum
981 2069 1233 2117 modulate
1269 2068 1376 2128 civi,
1945 2090 1968 2130 5

509 2147 594 2209 qui
630 2149 765 2196 ferox
800 2148 945 2207 bello,
985 2156 1152 2198 tamen
1187 2149 1313 2198 inter
1347 2166 1482 2198 arma

509 2227 609 2276 sive
645 2227 874 2277 iactatam
910 2228 1132 2291 religarat
1167 2231 1270 2279 udo

576 2307 716 2357 litore
753 2308 933 2368 navim,
1055 2302 1057 2304 ¹

509 2402 743 2452 Liberum
780 2412 829 2452 et
867 2406 1039 2453 Musas
1076 2407 1422 2469 Veneremque
1457 2415 1507 2455 et
1541 2405 1611 2455 illi

508 2499 701 2545 semper
736 2485 1022 2533 haerentem
1059 2501 1268 2548 puerum
1305 2487 1515 2536 canebat
1917 2505 1969 2534 10

506 2571 554 2611 et
590 2565 781 2625 Lycum
817 2563 965 2627 nigris
1002 2565 1157 2614 oeulis
1193 2565 1432 2629 nigroque

575 2642 708 2691 crine
745 2645 994 2693 decorum.

368 2771 567 2813 α--αΒΕ
586 2774 645 2823 (in
670 2773 820 2813 XXXI
846 2776 898 2812 16
916 2786 1000 2824 sqq.
1017 2772 1265 2827 =aBDE)]
1322 2787 1349 2824 9
1379 2774 1581 2813 Calenam
1609 2773 1764 2812 lemma
1787 2771 1941 2822 Porph.
1961 2787 1972 2813 ι

316 2827 478 2866 Calena
497 2826 610 2867 codd.
788 2840 839 2866 10
867 2833 911 2866 ut
931 2826 1078 2879 ΒδΙφψ
1251 2839 1297 2866 11
1330 2828 1482 2867 culillis
1500 2825 1572 2867 aE
1598 2840 1603 2844 ’
1753 2825 1925 2865 XXXII
1950 2838 1968 2864 ι

315 2881 528 2931 poscimur
557 2880 598 2919 V
594 2880 685 2933 (‘?)B
714 2880 890 2921 Servius
924 2881 1085 2932 Vergil:
1115 2882 1327 2936 poscimus
1347 2883 1399 2921 αδ
1427 2894 1524 2922 sscr.
1556 2879 1774 2920 Diomedes
1799 2878 1974 2919 Servius

315 2934 431 2975 Metr.
455 2934 563 2975 Hor.
