2084 3380
347 106 408 166 Q.
450 105 727 155 HORATI
768 106 1019 155 FLACCI

545 261 743 293 auream
780 242 1001 307 quisquis
1038 242 1427 292 mediocritatem
1983 263 2008 303 5
2076 247 2084 299 ιζ

544 323 715 390 diligit,
755 333 887 373 tutus
925 332 1055 372 caret
1092 323 1303 373 obsoleti

544 405 772 455 sordibus
809 404 938 463 tecti,
979 413 1110 453 caret
1146 403 1417 454 invidenda

611 484 801 535 sobrius
837 487 961 534 aula.

543 579 736 642 saepius
773 578 929 628 ventis
966 577 1174 642 agitatur
1209 577 1381 642 ingens

541 660 686 723 pinus
723 670 772 709 et
807 662 967 709 celsae
1002 659 1219 723 graviore
1255 676 1372 709 casu
1957 680 2008 709 10

541 741 780 791 decidunt
816 750 970 789 turres
1007 739 1284 804 feriuntque
1320 756 1540 790 summos
1581 761 1585 764 ¹

608 824 798 886 fulgura
834 821 1029 871 montis.

541 925 702 979 sperat
736 915 937 975 infestis,
978 915 1152 964 metuit
1189 915 1419 966 secundis

538 998 741 1046 alteram
778 1005 959 1046 sortem
996 997 1126 1045 bene
1162 1005 1503 1060 praeparatum
1729 1057 1735 1060 ῃ

538 1086 723 1140 pectus.
796 1077 1019 1126 informis
1055 1076 1243 1126 hiemes
1279 1077 1469 1127 reducit
1957 1100 2004 1141 15
2082 1122 2084 1124 ,

607 1157 841 1222 Iuppiter,
882 1158 1015 1207 idem

539 1261 829 1302 summovet.
903 1268 1019 1311 non,
1060 1251 1099 1300 si
1136 1253 1265 1300 male
1300 1268 1446 1310 nunc,
1486 1260 1535 1301 et
1570 1251 1689 1302 olim

538 1333 608 1382 sic
644 1333 762 1382 erit:
806 1334 1062 1396 quondam
1099 1331 1285 1381 cithara
1320 1341 1569 1382 tacentem

538 1414 740 1463 suscitat
777 1416 978 1463 Musam
1015 1429 1179 1477 neque
1215 1429 1409 1477 semper
1443 1430 1612 1463 arcum

604 1494 763 1544 tendit
797 1496 994 1558 Apollo.
1954 1517 2006 1548 20

536 1591 682 1639 rebus
719 1589 937 1654 angustis
973 1588 1226 1639 animosus
1261 1597 1411 1652 atque

536 1670 672 1720 fortis
708 1687 889 1735 appare
910 1689 924 1731 3
970 1670 1216 1734 sapienter
1250 1670 1384 1720 idem

536 1753 796 1801 contrahes
833 1760 983 1801 vento
1020 1751 1230 1801 nimium
1266 1753 1489 1802 secundo

603 1831 796 1896 turgida
830 1834 950 1882 vela.

1060 1957 1137 2005 XI

536 2043 677 2104 va
712 2042 978 2093 bellicosus
1012 2043 1261 2094 Cantaber
1297 2052 1345 2092 et
1381 2045 1599 2107 ScytheS,

536 2123 748 2188 Hirpine
785 2123 1003 2186 Quincti,
1042 2124 1224 2189 cogitet
1261 2124 1453 2175 Hadria

601 2203 785 2253 divisus
821 2204 1032 2264 obiecto,
1072 2205 1289 2254 remittas

667 2301 912 2348 quaerere,
952 2302 1045 2335 nec
1080 2285 1295 2350 trepides
1330 2285 1381 2335 in
1417 2303 1562 2336 usum

532 2378 782 2441 poscentis
817 2378 926 2428 aevi
962 2396 1149 2443 pauca:
1198 2380 1320 2444 fugit
1355 2390 1483 2431 retro
1971 2401 1996 2442 5

532 2458 651 2508 levis
686 2459 909 2509 iuventas
947 2469 995 2509 et
1032 2462 1196 2521 decor,
1235 2461 1372 2512 arida

598 2541 812 2602 pellente
846 2540 1055 2590 lascivos
1090 2558 1282 2592 amores

664 2619 844 2670 canitie
880 2621 1175 2685 facilemque
1210 2625 1455 2672 somnum.

531 2730 633 2762 non
668 2731 862 2779 semper
897 2716 1031 2766 idem
1070 2717 1272 2767 floribus
1308 2726 1382 2767 est
1416 2719 1576 2766 honor

530 2793 703 2853 verniS‚
742 2812 906 2859 neque
941 2814 1043 2846 uno
1081 2799 1225 2847 Luna
1259 2798 1440 2847 rubens
1475 2797 1598 2846 nitet
1945 2818 1994 2847 10

597 2876 762 2924 vultu:
811 2876 932 2939 quid
968 2877 1178 2926 aeternis
1215 2877 1456 2927 minorem
1894 2877 1909 2891 ⁴

663 2957 879 3008 consiliis
915 2959 1136 3009 animum
1173 2960 1385 3023 fatigas?

389 3095 418 3124 α
431 3083 703 3138 zaBDEM]
763 3088 804 3126 X
824 3090 851 3127 6
871 3088 1005 3139 diligit
1029 3095 1158 3141 tutus,
1183 3097 1300 3131 caret
1320 3091 1486 3141 Bentley
1625 3093 1652 3130 6
1680 3092 1882 3134 obsoletis
1899 3093 1993 3147 (-eti

337 3150 433 3179 corr.
458 3141 524 3191 δπ)
547 3140 575 3180 Β
689 3143 737 3180 18
758 3141 943 3182 citharae
963 3142 992 3182 β
