2084 3380
137 2855 308 2909 u=aB]

998 150 1392 200 CARMINVM
1430 153 1644 201 LIBER
1680 153 1756 201 IV

854 343 989 392 XIII

361 452 655 511 AVmVERE,
694 451 839 514 Lyce,
878 450 930 501 di
965 466 1076 501 mea
1109 458 1236 512 vota,
1275 452 1326 500 di

360 529 604 591 audivere,
644 532 804 594 Lyce:
851 532 910 580 fis
945 548 1082 592 anuS,
1121 540 1170 580 et
1205 540 1372 581 tamen

494 610 566 661 vis
601 613 817 662 formosa
849 611 1004 663 videri

560 692 789 758 ludisque
824 702 873 743 et
908 693 1038 743 bibis
1074 693 1339 758 impudens

360 795 410 836 et
444 795 592 837 cantu
628 790 839 838 tremulo
874 797 994 852 pota
1029 787 1332 853 Cupidinem
1732 810 1754 851 5

359 869 548 918 lentum
585 868 830 918 sollicitas.
905 869 987 919 ille
1022 869 1222 919 virentis
1258 878 1308 919 et

492 948 670 998 doctae
704 950 910 1012 psallere
947 948 1103 1000 Chiae

558 1029 774 1094 pulchris
810 1031 1020 1081 excubat
1054 1030 1107 1080 in
1140 1030 1292 1096 genis,

358 1123 668 1189 importunus
704 1125 838 1176 enim
873 1129 1140 1177 transvolat
1173 1126 1333 1177 aridas

357 1222 567 1270 quercus
602 1216 652 1256 et
686 1207 862 1271 refugit
896 1217 959 1269 te,
998 1208 1115 1272 quia
1150 1207 1295 1259 luridi
1706 1229 1754 1259 10
1813 1257 1819 1263 .

490 1288 664 1337 dentes
699 1297 762 1349 te,
799 1288 915 1352 quia
949 1306 1095 1354 rugae

557 1377 754 1434 turpant
788 1379 837 1420 et
871 1369 1044 1435 capitis
1080 1370 1229 1421 nives,

357 1481 449 1513 nec
485 1465 622 1515 Coae
658 1467 872 1515 referunt
906 1465 1005 1515 iam
1043 1466 1131 1517 tibi
1166 1483 1410 1531 purpurae

356 1561 450 1594 nec
484 1545 583 1594 cari
618 1545 807 1610 lapides
844 1555 1068 1611 tempora
1104 1564 1233 1612 quae
1268 1548 1421 1598 semel

489 1626 619 1676 notis
655 1627 857 1678 condita
890 1628 1026 1678 fastis
1706 1650 1750 1689 15

555 1708 753 1764 inclusit
788 1710 999 1760 volucris
1035 1710 1154 1760 dies.

354 1818 456 1866 quo
491 1803 614 1867 fugit
649 1806 833 1865 Venus,
874 1805 987 1865 heu,
1025 1821 1187 1869 quove
1224 1805 1396 1854 color?
1435 1804 1619 1854 decens

355 1900 456 1947 quo
492 1893 655 1934 motus
674 1886 697 1933 ?
749 1884 870 1949 quid
908 1886 1064 1935 habes
1099 1884 1241 1945 illius,
1281 1884 1422 1946 illius,

488 1983 616 2030 quae
653 1965 868 2029 spirabat
902 1982 1108 2027 amoreS,

554 2064 683 2112 quae
719 2063 798 2096 me
836 2056 1090 2111 surpuerat
1126 2047 1259 2107 mihi,
1702 2064 1751 2095 20

353 2142 467 2192 felix
501 2153 613 2207 post
651 2144 882 2195 Cinaram
926 2152 1144 2207 notaque
1179 2152 1229 2192 et
1262 2142 1439 2191 artium

351 2232 595 2287 gratarum
630 2225 816 2274 facies?
870 2226 958 2275 sed
995 2224 1204 2274 Cinarae
1240 2222 1399 2273 brevis

485 2322 644 2355 annos
680 2308 778 2355 fata
814 2307 1072 2365 dederunt,

554 2396 800 2436 servatura
837 2386 923 2437 diu
959 2403 1126 2451 parem

352 2479 560 2530 cornicis
596 2482 788 2530 vetulae
827 2480 1136 2546 temporibus,
1170 2482 1350 2544 Lycen,
1699 2503 1718 2530 2
1725 2502 1746 2542 5

350 2571 553 2625 possent
587 2570 641 2611 ut
676 2561 878 2613 iuvenes
913 2561 1068 2612 visere
1103 2561 1275 2612 fervidi

486 2646 641 2694 multo
678 2661 780 2694 non
817 2643 922 2694 sine
957 2643 1055 2694 risu

551 2725 792 2789 dilapsam
830 2725 880 2775 in
918 2726 1105 2776 cineres
1142 2728 1313 2776 facem.

367 2853 475 2894 XIII
502 2867 546 2893 11
580 2855 744 2904 dentes,
763 2862 806 2896 te
827 2858 924 2908 quia
946 2859 1086 2900 Keller
1198 2875 1244 2911 14
1275 2863 1374 2903 clari
1394 2877 1422 2903 α
1550 2875 1595 2913 ¹5
1623 2864 1743 2904 sactis

15 2887 45 2956 J
87 2907 177 2960 πῑφῐ
292 2921 338 2959 17
368 2910 622 2962 ubtlerpunxit
641 2909 796 2950 Chabot
905 2915 958 2953 28
987 2914 1199 2967 delapsam
1219 2930 1248 2957 α
1331 2919 1518 2958 cinerem
1541 2918 1574 2956 δ1
