2084 3380
327 137 388 197 Q.
430 134 709 184 HORATI
749 133 999 183 FLACCI

1096 369 1221 416 XIV

596 495 746 555 QVAE
783 501 898 540 cura
934 499 1127 553 patrum
1165 505 1352 553 quaeve
1389 487 1654 552 Quiritium

595 571 752 636 plenis
789 572 1035 620 honorum
1073 569 1359 620 muneribus
1396 579 1516 629 tuas,

665 655 899 715 Auguste,
938 651 1139 700 virtutes
1175 650 1227 699 in
1263 667 1439 700 aevum

730 750 816 797 per
851 733 1019 782 titulos
1057 749 1400 795 memoresque
1437 733 1587 782 fastus

596 836 826 886 aeternet,
868 844 911 886 o,
952 843 1051 890 qua
1085 828 1159 876 sol
1196 824 1477 875 habitabilis
1964 843 1988 884 5

597 908 803 956 illustrat
840 924 962 969 oras,
1005 906 1216 955 maxime
1253 905 1572 969 principum?

665 1006 814 1052 quem
851 987 970 1052 legis
1006 996 1227 1052 expertes
1267 986 1471 1035 Latinae

731 1068 979 1119 Vindelici
1017 1068 1234 1118 didicere
1269 1085 1438 1132 nuper,

598 1164 717 1227 quid
757 1166 918 1212 Marte
954 1179 1138 1226 posses.
1213 1161 1366 1211 milite
1402 1178 1516 1210 nam
1554 1170 1641 1211 tuo

601 1248 790 1294 Drusus
828 1246 1112 1304 Genaunos,
1150 1243 1470 1308 implacidum
1505 1258 1675 1307 genus,
1942 1261 1993 1291 10

668 1330 990 1390 Breunosque
1025 1328 1220 1375 veloces
1256 1334 1304 1375 et
1339 1342 1474 1374 arces

733 1407 945 1472 Alpibus
982 1406 1236 1472 impositas
1274 1405 1541 1456 tremendis

601 1503 780 1553 deiecit
815 1520 927 1552 acer
962 1505 1072 1567 plus
1107 1502 1214 1552 vice
1251 1502 1461 1567 simplici
1477 1520 1491 1563 3

601 1584 756 1633 maior
793 1586 1051 1633 Neronum
1088 1601 1203 1633 mox
1237 1600 1381 1647 grave
1416 1581 1658 1646 proelium

667 1665 913 1715 commisit
949 1665 1277 1729 immanisque
1314 1667 1499 1715 Raetos
1943 1682 1991 1724 15

734 1745 965 1810 auspiciis
1000 1746 1189 1810 pepulit
1225 1745 1468 1806 secundis,

603 1842 903 1905 spectandus
940 1841 991 1890 in
1028 1840 1295 1891 certamine
1334 1838 1528 1900 Martio,

601 1923 779 1972 devota
815 1921 959 1971 morti
995 1931 1196 1986 pectora
1231 1921 1413 1972 liberae

669 2004 864 2066 quantis
903 2003 1124 2067 fatigaret
1159 2002 1324 2063 ruinis,

735 2084 1002 2134 indomitas
1037 2101 1192 2147 prope
1229 2084 1386 2148 qualis
1423 2086 1582 2135 undas
1945 2101 1996 2131 20

601 2189 794 2230 exercet
827 2183 1020 2240 Auster,
1061 2179 1319 2229 Pleiadum
1357 2181 1510 2228 choro

601 2261 858 2310 scindente
893 2261 1064 2319 nubes,
1103 2259 1309 2323 impiger
1343 2260 1558 2310 hostium

669 2359 842 2391 vexare
878 2350 1061 2390 turmas
1099 2350 1147 2390 et
1184 2343 1473 2390 frementem

736 2423 927 2473 mittere
963 2427 1146 2487 equum
1185 2422 1375 2472 medios
1410 2439 1497 2486 per
1531 2420 1668 2486 ignis.

603 2517 672 2568 sic
708 2517 1002 2568 tauriformis
1039 2517 1249 2567 volvitur
1286 2518 1508 2576 Aufidus,
1943 2534 1992 2575 25

602 2598 687 2661 qui
723 2616 871 2662 regna
909 2598 1075 2648 Dauni
1111 2598 1335 2662 praefluit
1369 2597 1534 2661 Apuli,

669 2696 782 2727 cum
819 2679 972 2728 saevit
1007 2680 1402 2742 horrendamque
1439 2676 1580 2726 cultis

737 2758 970 2808 diluviem
1009 2758 1271 2808 meditatur
1305 2758 1442 2821 agris,

331 2876 334 2880 ”
378 2909 490 2936 aza
521 2896 581 2944 (iu
613 2892 716 2931 XIV
739 2892 978 2944 1—-42-aB)]
1039 2892 1141 2932 XIV
1161 2907 1184 2942 4
1216 2895 1346 2934 fastos
1377 2887 1458 2933 διίι2
1599 2886 1862 2945 ‘'5'aeterne
1893 2899 1936 2934 et
1955 2893 1984 2935 Β

327 2951 406 3002 sol]
429 2951 499 2990 lux
523 2962 551 2989 α
667 2959 710 2987 11
746 2946 943 2986 Brennos
966 2947 1041 2987 525*
1172 2961 1221 2999 19
1250 2949 1443 2999 fatigarat
1464 2951 1546 3001 δφψ
1595 2955 1601 2958 ”
1675 2951 1727 2988 28
1759 2949 1985 2989 meditatur

327 3006 367 3044 αἱ
388 3004 541 3057 Porph.
567 3002 737 3043 Servius
757 3016 763 3040 :
794 3001 1012 3040 minitatur
1031 3001 1103 3041 ssa²
