2084 3380
293 144 354 205 Q.
395 143 674 194 HoRATI
712 146 964 196 FLACCI

491 284 579 332 sed
615 283 752 332 vides
789 293 975 346 quanto
1011 284 1221 347 trepidet
1258 278 1471 334 tumultu

491 381 676 428 pronus
713 364 881 414 Orion.
956 382 1048 428 ego
1084 365 1204 429 quid
1242 366 1302 414 sit
1338 375 1439 414 ater

491 446 712 494 Hadriae
748 447 863 495 novi
901 446 1035 495 sinus
1073 456 1120 495 et
1157 446 1279 510 quid
1315 446 1456 496 albus

489 575 494 579 ,
555 536 727 589 peccet
766 528 930 590 Iapyx.
1899 549 1951 578 20

488 607 704 656 hostium
741 624 915 657 uxores
951 608 1189 672 puerique
1226 624 1401 658 caecos

488 688 700 738 sentiant
737 698 901 738 motus
937 689 1138 738 orientis
1174 690 1342 738 Austri
1379 700 1427 739 et

486 770 713 833 aequoris
749 770 872 833 nigri
908 771 1155 820 fremitum
1193 780 1242 820 et
1277 771 1534 821 trementis

554 852 755 900 verbere
794 852 935 916 ripas.

489 932 558 981 sic
593 942 642 982 et
679 935 879 997 Europe
914 933 1113 982 niveum
1150 935 1327 983 doloso
1898 955 1948 996 25

487 1013 697 1064 credidit
727 1019 874 1064 ‘tauro
911 1017 1038 1063 latus
1075 1024 1123 1064 et
1159 1024 1431 1064 scatentem

486 1094 645 1144 beluis
681 1104 891 1159 pontum
930 1095 1217 1159 mediasque
1252 1097 1450 1146 fraudes

554 1176 726 1238 palluit
761 1178 934 1225 audax.

487 1273 644 1320 nuper
678 1257 729 1306 in
765 1257 915 1321 pratis
952 1257 1176 1307 studiosa
1211 1260 1387 1307 florum
1424 1268 1473 1308 et

487 1337 685 1387 debitae
722 1338 967 1402 Nymphis
1004 1338 1168 1402 opifex
1203 1356 1428 1400 coronae,
1897 1361 1951 1402 30

488 1429 635 1469 noete
671 1420 905 1469 sublustri
939 1420 1061 1469 nihil
1096 1429 1225 1470 astra
1260 1430 1451 1485 praeter

553 1501 676 1551 vidit
711 1511 760 1551 et
795 1503 967 1550 undas.

488 1600 615 1647 quae
651 1583 797 1632 simul
833 1592 1033 1632 centum
1070 1583 1227 1647 tetigit
1261 1593 1520 1648 potentem

487 1665 684 1728 oppidis
722 1666 918 1724 Creten,
962 1669 1138 1727 ‘pater‚
1178 1682 1209 1714 o
1251 1665 1475 1714 relictum
1516 1692 1517 1695 =

488 1746 615 1795 filiae
651 1763 848 1804 nomen,
889 1746 1174 1809 pietasque’
1211 1746 1331 1795 dixit
1897 1768 1947 1810 35

561 1827 713 1876 ‘victa
750 1829 939 1876 furore!

489 1911 624 1958 unde
659 1926 760 1972 quo
795 1909 945 1958 veni?
991 1909 1110 1958 levis
1146 1925 1246 1958 una
1282 1926 1414 1959 mors
1450 1919 1523 1960 est

488 1990 729 2054 virginum
766 1992 953 2054 culpae.
1026 1990 1296 2053 vigilansne
1332 1994 1473 2055 ploro

489 2083 630 2136 turpe
666 2072 1001 2133 commissum,
1039 2090 1102 2121 an
1139 2073 1266 2122 vitiis
1303 2083 1551 2123 carentem

557 2154 682 2203 ludit
717 2154 881 2218 imago
1894 2175 1951 2216 40

489 2253 627 2294 vana,
667 2252 795 2299 quae
830 2245 970 2299 porta
1005 2235 1195 2300 fugiens
1232 2237 1418 2285 eburna

490 2316 738 2367 somnium
775 2317 949 2367 ducit?
995 2318 1236 2367 meliusne
1272 2320 1450 2368 fluctus

491 2399 558 2448 ire
594 2415 681 2462 per
715 2401 889 2462 longos
925 2399 1029 2459 fuit,
1067 2417 1130 2448 an
1167 2400 1375 2449 recentis

558 2496 756 2543 carpere
791 2482 973 2529 flores?

491 2561 531 2609 si
567 2560 676 2623 quis
711 2560 947 2610 infamem
983 2561 1104 2610 mihi
1140 2578 1274 2611 nunc
1310 2561 1573 2612 iuvencum
1896 2581 1947 2623 45

491 2643 642 2691 dedat
677 2641 838 2701 iratae,
879 2645 1091 2692 lacerare
1126 2645 1252 2692 ferro
1289 2652 1337 2692 et

492 2725 710 2786 frangere
746 2721 902 2770 enitar
937 2725 1090 2773 modo
1127 2724 1337 2772 multum
1373 2722 1522 2772 amati

558 2819 743 2852 cornua
778 2803 995 2852 monstri.

338 2928 548 2980 n=aBC]
605 2942 653 2967 21
689 2929 873 2968 noctium
898 2929 946 2969 Ο
1094 2943 1147 2980 34
1176 2943 1250 2969 ore
1269 2929 1420 2968 lectum
1440 2928 1482 2967 Β
1629 2930 1683 2978 38
1713 2926 1890 2977 virginis
1908 2927 1947 2968 ‘⁷-

285 2984 411 3035 culpa
430 2987 516 3035 πψψ
627 2986 679 3033 48
710 2983 887 3022 monstri
908 2983 1021 3023 «τιδῑτνἱ
1045 3000 1054 3025 :
1082 2985 1189 3023 tauri
1210 2984 1239 3024 Β
