2084 3380
309 140 369 201 Q.
413 138 690 187 HORATI
730 137 983 187 FLACCI

509 285 645 325 catus
680 276 812 326 idem
850 291 935 340 per
970 284 1193 338 apertum
1229 273 1457 338 fugientis
1491 273 1673 337 agitato
1918 291 1968 321 ιο

507 373 649 420 grege
686 372 854 405 cervos
890 355 1088 404 iaculari
1125 364 1173 404 et
1208 357 1336 404 celer
1370 363 1476 403 arto
1511 353 1782 404 latitantem

707 438 933 487 fruticeto
969 437 1193 499 excipere
1223 453 1410 500 aprum.

1067 581 1203 628 XIII
1248 564 1258 648 l

572 670 618 718 O
656 683 785 717 FONs
822 525 1441 731 Bandrssmheffler‘ididior
1474 667 1599 716 vitro

572 749 705 800 dulci
742 749 890 812 digne
925 765 1061 798 mero
1098 765 1199 798 non
1237 748 1342 797 sine
1378 747 1593 808 floribus,

707 847 811 878 cras
847 828 1111 879 donaberis
1148 830 1326 888 haedo,

772 910 851 959 cui
888 912 1020 959 frons
1058 909 1249 973 turgida
1285 908 1518 959 cornibus

568 1005 737 1069 primis
773 1015 821 1055 et
856 1022 1085 1054 venerem
1122 1014 1170 1054 et
1207 1004 1393 1068 proelia
1428 1002 1679 1064 destinat3
1941 1023 1966 1064 5

568 1089 770 1136 frustra:
819 1104 934 1135 nam
970 1086 1159 1150 gelidos
1197 1086 1381 1135 inficiet
1416 1084 1505 1134 tibi

702 1168 850 1216 rubro
887 1167 1123 1230 sanguine
1160 1167 1287 1215 rivos

769 1249 935 1297 lascivi
971 1248 1169 1297 suboles
1204 1247 1373 1311 gregis.

566 1354 614 1393 te
649 1343 895 1407 flagrantis
929 1352 1066 1391 atrox
1102 1345 1223 1392 hora
1260 1342 1528 1393 Caniculae

565 1428 722 1477 nescit
757 1437 968 1490 tangere,
1008 1436 1060 1475 tu
1097 1427 1246 1490 frigus
1280 1425 1492 1475 amabile
1916 1443 1965 1473 10

699 1508 837 1557 fessis
873 1524 1070 1556 vomere
1107 1507 1255 1556 tauris

765 1589 970 1653 praebes
1007 1598 1055 1638 et
1090 1588 1257 1652 pecori
1291 1605 1428 1652 vago.

565 1686 651 1733 fies
687 1683 930 1732 nobilium
967 1693 1020 1731 tu
1057 1699 1257 1746 quoque
1293 1682 1519 1742 fontium,

565 1782 644 1814 me
680 1764 877 1814 dicente
913 1764 1044 1813 cavis
1080 1763 1363 1828 impositam
1398 1762 1562 1812 ilicem

698 1845 837 1905 saxis,
875 1847 1009 1894 unde
1044 1847 1277 1908 loquaces
1911 1864 1959 1905 15

764 1927 993 1990 lymphae
1028 1925 1260 1976 desiliunt
1296 1933 1421 1974 tuae.

1064 2073 1191 2118 XIV

563 2161 835 2207 HERCVLIS
871 2158 965 2206 ritu
1002 2159 1155 2207 modo
1191 2157 1367 2217 dictus,
1405 2174 1437 2206 o
1472 2157 1628 2221 plebS,

559 2248 717 2289 morte
751 2241 976 2287 venalem
1011 2238 1209 2302 petiisse
1245 2239 1435 2286 laurum

560 2321 741 2371 Caesar
778 2319 1005 2382 Hispana
1040 2318 1213 2382 repetit
1249 2318 1439 2382 penatis

625 2400 779 2450 victor
813 2400 877 2448 ab
914 2416 1010 2449 ora.

558 2495 706 2545 unico
741 2496 961 2558 gaudens
997 2494 1171 2544 mulier
1205 2493 1381 2544 marito
1930 2514 1954 2557 5

557 2577 763 2639 prodeat
799 2575 936 2624 iustis
972 2583 1173 2640 operata
1207 2574 1346 2635 divis,

492 2699 495 2702 .
558 2667 607 2706 et
642 2674 778 2706 soror
813 2657 929 2706 clari
966 2658 1106 2707 ducis
1143 2667 1191 2707 et
1228 2659 1438 2707 decorae

624 2737 844 2801 supplice
879 2738 998 2787 vitta

341 2862 611 2916 u=aBEM]
670 2876 714 2902 11
738 2870 781 2904 et
803 2878 887 2904 om.
908 2863 987 2903 Βδι
1071 2872 1163 2904 arto
1189 2866 1278 2908 Vn:
1310 2867 1396 2906 alto
1414 2880 1445 2906 α
1587 2867 1694 2906 XIII
1721 2880 1739 2907 1
1764 2853 1948 2909 Blandu-

287 2919 376 2957 siae
395 2917 477 2956 aM
490 2916 708 2957 Diomedes
801 2919 1017 2958 candidior
1041 2919 1270 2959 Victorinus
1391 2933 1436 2959 11
1469 2921 1545 2960 sub
1565 2933 1738 2961 vomere
1757 2922 1787 2961 Β
1899 2925 1949 2962 16

292 2972 506 3066 nyrnghae
525 2972 554 3011 Β
683 2972 786 3011 XIV
803 2974 831 3011 6
852 2973 962 3012 divis
977 2971 1100 3013 ssEM
1111 2989 1120 3013 ε
1149 2974 1284 3015 sacris
1301 2973 1372 3014 aB
1389 2979 1429 3014 et
1436 2981 1517 3030 pro
1535 2988 1622 3020 var,
1646 2975 1728 3016 lect.
1750 2984 1810 3032 πφ
1922 2990 1945 3032 7

289 3038 375 3065 cari
