2084 3380
1344 140 1631 189 EPODON
1682 141 1756 189 IX

298 291 351 331 ut
387 297 554 344 nuper,
591 289 730 330 actus
765 295 879 328 curn
900 280 1040 332 ofreto
1078 279 1358 340 Neptunius

365 358 464 406 dux
493 356 615 420 fugit
651 359 771 406 ustis
807 349 1028 417 navibus,

298 435 514 484 minatus
549 433 673 484 Vrbi
708 435 883 494 vincla,
921 451 1050 498 quae
1085 437 1356 483 detraxerat

366 514 516 561 servis
550 511 739 561 amicus
773 513 1011 575 perfidis?
1712 530 1760 558 10

300 591 573 650 Romanus,
610 590 1009 652 eheu,—posteri
1047 589 1357 652 negabitis——

366 667 704 730 emancipatus
739 665 953 716 feminae

299 747 389 793 fert
423 745 606 794 vallum
642 754 690 793 et
723 760 861 792 arma
894 745 1036 792 miles
1074 753 1122 792 et
1158 744 1462 805 spadonibus

364 822 544 871 servire
579 822 768 885 rugosis
803 830 981 885 potest,

299 901 524 961 interque
560 900 699 963 signa
733 906 876 963 turpe
911 900 1136 947 militaria
1712 918 1758 957 15

365 977 440 1024 sol
474 977 649 1039 aspicit
683 978 967 1040 conopium.

297 1054 361 1102 ad
396 1054 530 1102 hunc
566 1054 831 1103 frementes
866 1063 1115 1103 verterunt
1153 1054 1229 1100 bis
1266 1055 1400 1102 mille
1436 1069 1591 1115 equos

365 1131 509 1190 Galli,
549 1141 784 1179 canentes
821 1132 1098 1190 Caesarem,

298 1209 653 1272 hostiliumque
689 1210 891 1257 navium
927 1218 1071 1271 portu
1106 1210 1258 1256 latent

365 1302 558 1349 puppes
595 1286 926 1334 sinistrorsum
962 1287 1104 1335 citae.
1712 1305 1762 1332 20

299 1368 348 1416 io
386 1368 675 1431 Triumphe,
713 1375 767 1415 tu
802 1367 1004 1416 moraris
1039 1382 1211 1415 aureos

366 1461 536 1492 currus
573 1454 621 1493 et
658 1444 865 1493 intactas
900 1443 1091 1493 boves?

299 1523 350 1570 io
387 1522 673 1585 Triumphe,
712 1536 805 1571 nec
842 1522 1133 1585 Iugurthino
1168 1538 1336 1584 parem

365 1599 499 1649 bello
535 1600 791 1662 reportasti
827 1600 1020 1659 ducem,

298 1693 461 1740 neque
497 1677 799 1736 Africanum,
839 1677 919 1724 cui
954 1693 1100 1740 super
1136 1677 1484 1740 Carthaginem
1712 1679 1764 1735 25¹

363 1754 513 1802 virtus
550 1752 829 1817 sepulcrum
864 1754 1102 1803 condidit.

298 1840 423 1880 terra
457 1830 680 1894 marique
715 1832 872 1880 victus
909 1831 1064 1880 hostis
1102 1832 1293 1880 Punico

363 1910 570 1973 lugubre
605 1910 812 1959 mutavit
844 1926 1029 1973 sagum.

296 1996 380 2036 aut
415 1988 496 2037 ille
531 1996 733 2037 centum
770 1987 992 2037 nobilem
1030 1989 1231 2038 Cretam
1270 1987 1475 2037 urbibus
1732 2043 1738 2047 ,

363 2066 521 2115 ventis
556 2066 711 2114 iturus
747 2081 851 2117 non
887 2066 1002 2125 suis,
1423 2102 1426 2107 .
1711 2084 1763 2123 30

296 2143 579 2192 exercitatas
614 2152 698 2191 aut
734 2144 857 2206 petit
893 2143 1043 2205 Syrtis
1081 2144 1231 2202 Noto,

363 2228 448 2269 aut
484 2222 633 2270 fertur
668 2221 857 2270 incerto
892 2222 1030 2270 mari.

298 2299 580 2362 capaciores
615 2298 753 2347 adfer
788 2299 900 2357 huc,
938 2313 1073 2360 puer,
1112 2298 1322 2360 scyphos

365 2385 414 2425 et
450 2376 578 2426 Chia
611 2376 726 2424 vina
760 2384 845 2424 aut
885 2375 1094 2425 Lesbia:

298 2455 375 2503 vel
410 2454 548 2517 quod
583 2454 819 2502 fluentem
857 2468 1093 2503 nauseam
1130 2460 1352 2501 coerceat
1714 2472 1763 2514 35

366 2532 538 2581 metire
572 2530 718 2579 nobis
754 2529 1079 2580 Caecubum:

299 2625 466 2658 curam
501 2617 790 2671 metumque
827 2597 1050 2658 Caes‘aris
1085 2622 1246 2656 rerum
1283 2606 1417 2662 iuvat

365 2687 499 2736 dulci
535 2688 700 2749 Lyaeo
736 2686 939 2735 solvere.
1291 2682 1293 2684 ’

60 2816 66 2840 ;
162 2789 367 2832 n-aCM-
418 2791 552 2840 13-38
569 2802 651 2830 om.
671 2789 712 2828 Β
787 2791 838 2828 16
858 2789 1086 2839 conopium
1104 2789 1171 2830 a¹:
1196 2791 1422 2841 canopium
1444 2791 1500 2832 C:
1528 2803 1767 2842 conopeum

110 2849 193 2885 cett.
346 2856 395 2894 17
413 2850 459 2884 at
475 2844 521 2884 ιι2
602 2845 686 2883 hue
709 2842 844 2882 Cla²6¹²
927 2844 980 2883 ab
998 2843 1078 2882 hoc
1097 2843 1151 2884 N.
1165 2843 1394 2884 Heinsius:
1425 2845 1478 2884 ad
1500 2846 1580 2885 hoc
1600 2845 1767 2896 Bentley

111 2911 165 2948 24
184 2898 411 2949 repostasti
430 2898 472 2936 π’
491 2913 502 2938 =
530 2896 692 2948 reposti
712 2895 761 2949 ψῑ
935 2908 989 2947 25
1007 2897 1198 2938 africano
1216 2897 1323 2950 φψπ2
1340 2912 1350 2939 z
1380 2897 1571 2938 Africani
1589 2898 1769 2952 Madmg

7 2972 9 2975 ·
54 2963 56 2981 ³
113 2953 166 2991 28
184 2953 360 2992 mutabit
377 2951 626 2993 Lachmann

247 3041 271 3076 S
