2084 3380
314 2786 349 2804 Q

380 2860 649 2912 u=aBEM]
706 2860 783 2898 V11
809 2872 825 2898 1
849 2859 1027 2899 candida
1047 2857 1292 2898 Diomedes⁴

244 120 246 122 ’
313 139 375 199 Q.
418 100 693 187 HORATI
734 138 983 187 FLAccr

513 278 601 325 sed
636 276 926 325 rusticorum
963 277 1179 324 mascula
1215 274 1423 324 militum

514 359 686 420 proles,
727 356 932 406 Sabellis
968 358 1116 406 docta
1150 355 1395 419 ligonibus

579 455 768 487 versare
803 438 970 501 glebas
1006 447 1054 486 et
1090 454 1285 487 severae

649 518 813 567 matris
849 520 913 566 ad
948 517 1199 566 arbitrium
1236 516 1416 567 recisos

514 609 704 662 portare
741 599 893 658 fustis,
933 601 1005 648 sol
1042 598 1127 647 ubi
1163 598 1407 648 montium

515 690 722 729 mutaret
759 681 956 729 umbras
993 690 1041 729 et
1076 680 1197 744 iuga·
1223 682 1443 729 demeret

582 761 742 810 bobus
778 760 1002 824 fatigatis,
1041 759 1255 809 amicum

648 851 844 906 tempus
879 859 1028 906 agens
1063 843 1278 891 abeunte
1314 860 1469 891 curru·

515 939 755 986 damnosa
790 936 911 1000 quid
946 954 1048 986 non
1084 937 1331 986 imminuit
1366 937 1509 987 dies?

514 1028 646 1068 aetas
682 1028 941 1082 parentum
976 1017 1113 1081 peior
1146 1017 1248 1066 avis
1284 1017 1393 1066 tulit

582 1117 673 1148 nos
709 1098 983 1162 nequiores,
1023 1116 1138 1148 mox
1172 1100 1371 1148 daturos

648 1179 934 1244 progeniem
970 1178 1282 1228 vitiosiorem.

1023 1372 1127 1420 VII
1189 1342 1205 1345 ”

518 1476 659 1536 QVID
696 1475 798 1533 fleS,
837 1471 1042 1533 Asterie,
1083 1489 1232 1536 quem
1270 1471 1358 1521 tibi
1394 1470 1595 1523 candidi

517 1553 676 1618 primo
712 1552 967 1603 restituent
1003 1571 1115 1603 vere
1152 1552 1357 1602 Favonii

651 1637 830 1698 Thyna
865 1652 1026 1685 merce
1062 1635 1277 1695 beatum,

720 1716 990 1765 constantis
1026 1716 1255 1766 iuvenem
1292 1717 1390 1765 fide

521 1814 730 1876 Gygen?
798 1812 879 1861 ille
916 1811 1061 1861 Notis
1096 1821 1234 1861 actus
1269 1814 1333 1862 ad
1371 1810 1576 1862 Oricum

520 1904 631 1958 post
667 1895 839 1943 insana
875 1896 1065 1958 Caprae
1101 1894 1259 1944 sidera
1295 1893 1492 1958 frigidas

654 1985 825 2025 noctes
861 1993 964 2024 non
999 1975 1105 2025 sine
1141 1975 1306 2025 multis

722 2058 962 2107 insomnis
997 2057 1208 2107 lacrimis
1244 2057 1355 2122 agit.

520 2153 656 2217 atqui
692 2152 927 2202 sollicitae
962 2152 1163 2201 nuntius
1198 2152 1436 2216 hospitae,

522 2233 761 2296 suspirare
798 2235 992 2284 Chloen
1027 2242 1076 2283 et
1111 2232 1339 2283 miseram
1374 2232 1470 2282 tuis

657 2313 827 2363 dicens
862 2313 1057 2378 ignibus
1093 2314 1180 2375 uri,

710 2394 930 2459 ‘temptat
966 2395 1098 2445 mille
1133 2397 1265 2445 vafer
1301 2394 1475 2445 modis.

524 2499 578 2538 ut
614 2492 846 2539 Proetum
882 2490 1055 2540 mulier
1089 2492 1277 2555 perfida
1311 2490 1567 2540 credulum

525 2569 655 2618 falsis
690 2569 937 2634 impulerit
973 2570 1260 2620 criminibus
1295 2569 1440 2619 nimis

660 2660 796 2699 casto
834 2653 1246 2716 Bellerophontae

729 2741 969 2781 maturare
1005 2750 1179 2782 necem
1215 2733 1386 2782 refert:

327 2923 411 2958 cett.
439 2916 666 2957 Victorinus

1919 537 1975 581 40

1921 957 1974 1000 45

1933 2251 1983 2281 10

1936 2669 1981 2710 Ι5

1440 2870 1463 2905 4
1499 2857 1581 2896 fide
1601 2853 1824 2910 a¹(?)u·¹<‘?)
1846 2871 1856 2897 ι
1885 2857 1984 2897 fidei
