2084 3380
316 110 376 170 Q.
420 108 697 158 HORATI
737 109 1009 158 FLACCI-

517 245 852 311 sedilibusque
889 261 1095 310 magnus
1130 244 1182 294 in
1216 244 1385 310 primis
1420 260 1573 309 eques
1926 262 1974 304 15
2054 247 2084 267 '⁵

584 329 787 378 Othone
823 335 1110 390 contempto
1146 326 1299 374 sedet.

517 408 636 472 quid
671 408 846 458 attinet
880 416 954 457 tot
989 424 1074 456 ora
1109 406 1308 455 navium
1341 405 1474 472 gravi

582 498 788 538 rostrata
822 488 938 538 duci
972 488 1194 552 pondere

516 558 688 619 contra
720 571 934 619 latrones
969 577 1119 632 atque
1155 568 1377 618 servilem
1413 582 1616 618 manum

583 652 693 711 hoe,
731 652 829 700 hoc
863 650 1063 700 tribuno
1099 649 1377 716 militum?
1929 667 1981 697 20
2067 669 2070 673 ·

1119 803 1167 847 V

516 889 607 948 AT,
643 904 677 939 o
713 889 922 938 deorum
959 889 1205 953 quidquid
1242 889 1292 935 in
1329 888 1467 937 caelo
1503 888 1623 950 regit

583 977 733 1018 terras
769 976 818 1017 et
852 969 1127 1016 humanum
1162 982 1331 1029 genus,

517 1049 637 1113 quid
673 1049 765 1098 iste
800 1050 891 1098 fert
926 1050 1202 1097 tumultus?
1237 1058 1323 1097 aut
1344 1048 1465 1111 quid
1501 1048 1725 1098 omnium

586 1132 748 1180 vultus
784 1130 836 1178 in
871 1146 1027 1179 unum
1064 1146 1145 1179 me
1181 1131 1379 1178 truces?

518 1228 605 1275 per
639 1211 821 1260 liberos
857 1219 920 1271 te,
959 1210 999 1259 si
1035 1219 1209 1260 vocata
1245 1210 1483 1273 partubus
1957 1230 1980 1272 5
2066 1218 2073 1229 ‘

586 1292 776 1341 Lucina
809 1291 934 1341 veris
969 1291 1139 1352 adfuit,

517 1390 603 1438 per
638 1375 736 1423 hoc
771 1373 918 1422 inane
954 1389 1198 1437 purpurae
1235 1375 1387 1423 decus
1422 1388 1611 1437 precor,

585 1471 672 1518 per
707 1454 1098 1517 improbaturum
1134 1456 1259 1504 haec
1295 1455 1483 1515 Iovem,

518 1535 639 1600 quid
675 1545 729 1584 ut
765 1551 976 1584 noverca
1012 1551 1093 1585 me
1128 1534 1330 1585 intueris
1366 1543 1451 1584 aut
1486 1535 1558 1584 uti

585 1616 738 1680 petita
774 1618 899 1665 ferro
935 1616 1147 1665 belua?’
1933 1635 1986 1665 10

519 1706 573 1746 ut
607 1698 731 1746 haec
768 1696 995 1746 trementi
1032 1705 1234 1760 questus
1270 1713 1354 1746 ore
1390 1694 1610 1746 constitit

585 1777 859 1842 insignibus
895 1778 1043 1843 raptis
1079 1795 1213 1842 puer,
1318 1833 1332 1840 .„

519 1858 723 1924 impube
759 1875 951 1923 corpus,
991 1862 1136 1924 quale
1171 1869 1339 1925 posset
1374 1858 1526 1924 impia

587 1940 776 1990 mollire
812 1942 1062 1991 Thracum
1098 1950 1312 2005 pectora.

521 2021 745 2082 Canidia,
784 2022 1014 2071 brevibus
1044 2022 1227 2088 illigata
1261 2024 1438 2088 viperis
1935 2041 1983 2084 15

587 2102 732 2152 crinis
770 2112 819 2152 et
853 2103 1163 2167 incomptum
1200 2114 1362 2168 caput,

521 2185 657 2234 iubet
692 2184 928 2248 sepulcris
965 2184 1222 2248 caprificos
1258 2193 1433 2245 erutaS,

587 2267 724 2316 iubet
760 2274 1020 2330 cupressos
1055 2267 1272 2317 funebris

520 2357 567 2398 et
603 2357 752 2397 uncta
788 2348 941 2413 turpis
978 2366 1070 2398 ova
1105 2365 1252 2398 ranae
1287 2348 1525 2413 sanguine

586 2431 909 2494 plumamque
947 2440 1218 2480 nocturnae
1253 2430 1409 2495 strigis
1935 2449 1986 2478 ao

521 2511 812 2575 herbasque,
853 2529 975 2576 quas
1014 2514 1179 2561 Iolcos
1214 2521 1364 2575 atque
1402 2510 1610 2562 Hiberia

589 2591 736 2640 mittit
773 2609 1077 2643 venenorum
1115 2595 1259 2653 ferax,

522 2680 570 2720 et
606 2689 718 2721 ossa
752 2674 816 2723 ab
855 2691 938 2724 ore
973 2683 1111 2738 rapta
1145 2673 1338 2723 ieiunae
1378 2673 1513 2722 canis

590 2753 801 2803 flammis
838 2754 977 2803 aduri
1014 2753 1276 2805 Colchicis.

380 2881 644 2934 u=aBCM]
704 2894 751 2932 17
781 2895 880 2921 aera
900 2882 1069 2934 Bentley
1230 2883 1268 2923 V
1292 2895 1309 2921 ι
1341 2881 1454 2933 regis
1475 2882 1543 2934 (-it
1564 2883 1618 2932 6²)
1641 2882 1714 2922 &1²
1847 2896 1872 2932 3
1893 2888 1935 2921 et
1956 2882 1984 2921 β

333 2948 346 2973 1
359 2949 375 2976 1
409 2937 514 2975 haec
533 2936 601 2976 06²
618 2951 627 2974 :
657 2937 762 2974 haec
782 2942 822 2974 et
843 2936 871 2975 Β
977 2949 1025 2986 13
1045 2937 1211 2989 posset]
1235 2937 1343 2976 solet
1362 2936 1404 2975 Β
1514 2948 1562 2987 15
1581 2937 1738 2987 illigata
1754 2951 1782 2978 α
1795 2937 1947 2988 Porph.
1969 2949 1978 2973 :

328 2989 537 3041 implicata
558 2990 586 3030 Β
729 2991 778 3029 18
808 3003 1033 3041 cupressus
1051 2991 1079 3031 Β
1227 3005 1282 3032 20
1299 2991 1442 3041 strigis
1462 2997 1693 3030 nocturnae
1717 2991 1855 3044 (strigi
1879 2989 1915 3030 C
1917 2992 1933 3043 )
1954 3003 1983 3030 α

326 3056 374 3082 21
407 3044 568 3083 hiolcos
590 3043 779 3083 aBMass:
811 3045 979 3083 colchos
1002 3045 1110 3084 ssVC
1182 3051 1305 3095 atque
1327 3044 1411 3083 ΒΜ
1422 3058 1432 3083 :
1460 3050 1532 3083 aut
1551 3044 1659 3084 aBC
