2084 3380
989 161 1382 209 CARMINVM
1422 161 1634 208 LIBER
1673 161 1746 207 IV

187 298 355 349 Gratia
391 315 504 347 eum
542 297 786 364 Nymphis
822 297 1128 362 geminisque
1164 297 1412 347 sororibus
1447 298 1598 347 audet

353 380 533 430 ducere
567 380 703 430 nuda
737 380 927 428 choros.

187 460 479 526 immortalia
515 477 578 510 ne
614 477 791 525 speres,
831 468 1002 510 monet
1036 476 1194 509 annus
1230 469 1278 509 et
1313 461 1498 509 almum

354 558 481 605 quae
516 540 640 604 rapit
676 543 797 591 hora
831 540 964 591 diem
989 559 998 589 ε

187 620 362 684 frigora
397 621 660 671 mitescunt
695 621 941 686 Zephyris,
981 638 1064 671 ver
1098 620 1298 685 proterit
1333 629 1492 670 aestas

355 701 606 751 interitura
640 701 785 751 simul
1704 719 1751 747 ιο

190 782 398 847 pomifer
431 785 716 831 Autumnus
753 784 912 847 fruges
949 781 1188 841 effuderit,
1227 790 1276 830 et
1312 798 1426 830 mox

357 864 531 912 bruma
565 862 764 913 recurrit
800 863 940 913 iners.

188 946 371 994 damna
408 954 571 994 tamen
608 946 790 994 celeres
827 952 1051 1008 reparant
1087 942 1318 993 caelestia
1351 944 1530 992 lunae:

356 1043 447 1075 nos
483 1025 568 1075 ubi
605 1025 882 1076 decidimus
1226 1036 1229 1039 ’

188 1123 288 1170 quo
324 1116 461 1171 pater
496 1109 705 1167 Aeneas,
744 1123 844 1172 quo
877 1108 1054 1157 Tullus
1090 1105 1227 1156 dives
1263 1115 1312 1155 et
1348 1107 1532 1165 Ancus,
1704 1123 1749 1163 15

355 1187 513 1252 pulvis
549 1198 598 1238 et
633 1189 807 1238 umbra
842 1204 1024 1237 sumus.
1064 1225 1067 1227 .

189 1267 298 1332 quis
335 1268 426 1317 scit
460 1286 524 1318 an
560 1268 776 1320 adiciant
811 1268 1079 1319 hodiernae
1115 1266 1326 1317 crastina
1361 1283 1584 1317 summae

358 1358 578 1414 tempora
613 1350 664 1400 di
700 1349 899 1414 superi?

191 1441 369 1482 cuncta
405 1450 578 1482 manus
613 1432 780 1483 avidas
818 1432 1004 1496 fugient
1038 1431 1246 1491 heredis,
1284 1431 1446 1481 amico

359 1530 487 1576 quae
522 1513 716 1564 dederis
752 1512 932 1564 animo.
1703 1530 1753 1558 20

191 1610 304 1642 cum
342 1596 494 1644 semel
530 1593 768 1644 occideris
803 1603 852 1644 et
888 1595 952 1644 de
989 1603 1036 1644 te
1072 1592 1334 1658 splendida
1371 1590 1538 1643 Minos

358 1674 526 1724 fecerit
559 1674 767 1736 arbitria,

192 1771 306 1815 non,
346 1757 610 1820 Torquate,
649 1767 817 1821 genuS,
859 1774 960 1806 non
998 1765 1046 1806 te
1082 1755 1325 1815 facundia,
1366 1772 1467 1805 non
1505 1763 1552 1804 te

359 1835 578 1886 restituet
614 1836 767 1901 pietas
788 1855 801 1898 ς
1642 1881 1645 1882 ⁷

194 1914 392 1966 infernis
431 1935 591 1983 neque
627 1917 759 1970 enim
798 1917 1011 1968 tenebris
1051 1917 1212 1967 Diana
1247 1916 1485 1980 pudicum
1705 1935 1750 1974 25

359 1996 532 2047 liberat
570 1998 914 2063 Hippolytum,

194 2093 286 2128 nec
323 2080 541 2129 Lethaea
575 2082 703 2130 valet
739 2082 963 2131 Theseus
998 2080 1291 2144 abrumpere
1326 2095 1440 2128 caro

360 2158 554 2209 vincula
588 2157 834 2208 Perithoo.
1512 2146 1653 2353 ſsi&
1676 2163 1711 2194 v
1923 2158 1946 2200 ’.ἲ

1707 2290 1715 2309 ε
1731 2243 1744 2293 ἱ
1767 2289 1786 2301 ι.
1817 2254 1828 2278 Ξ

852 2345 985 2393 VIII

225 2463 263 2490 ·.
300 2446 569 2495 DONAREM
607 2454 796 2513 Qas
831 2454 1065 2509 grataque
1101 2435 1408 2504 commodus,

299 2513 584 2589 Censorino,
623 2526 744 2576 meis
779 2543 892 2576 aera
927 2525 1193 2586 sodalibuS,

297 2608 534 2660 donarem
571 2606 800 2671 tripodas,
840 2606 1056 2671 praemia
1088 2606 1288 2661 fortium

299 2686 573 2747 Graiorum,
612 2702 775 2751 neque
812 2696 864 2737 tu
901 2677 1115 2751 pessima
1150 2703 1409 2737 munerum

6 2855 21 2874 e
34 2843 53 2876 ‚z
143 2833 213 2862 a:
227 2821 446 2877 aBC<V11
469 2835 516 2865 21
531 2837 617 2879 sqq.
632 2842 663 2857 =
677 2818 786 2876 aB)]
835 2820 914 2863 VII
940 2835 988 2873 15
1010 2829 1131 2875 pater
1151 2821 1250 2862 V5¹n
1268 2837 1278 2861 ε
1299 2823 1394 2873 pius
1413 2822 1452 2860 5²
1464 2816 1548 2862 bell.
1633 2819 1751 2861 dives

3 2905 42 2925 ,
98 2875 227 2918 tullus
239 2877 373 2930 (iulus
387 2878 468 2931 φψ)
489 2877 520 2918 Β
631 2891 677 2928 17
698 2878 770 2929 qui
790 2877 874 2917 seis
893 2877 974 2917 BC
1024 2877 1233 2930 summae]
1252 2878 1364 2918 vitae
1391 2874 1495 2914 Valn
1513 2878 1554 2914 ee
1562 2880 1746 2926 provar.

14 2922 51 2985 >³1
97 2929 177 2969 lect.
196 2937 228 2981 φ
350 2945 400 2982 19
429 2932 596 2973 herebis
618 2932 707 2984 (dt)
731 2933 815 2984 δφψ
935 2933 988 2971 28
1019 2931 1207 2972 Pirithoo
1229 2934 1291 2983 φψ
1420 2929 1524 2969 VIII
1555 2928 1751 2980 spurium

0 2999 6 3010 2
19 2999 21 3002 ·
35 2980 49 3020 ἱ*
94 2988 217 3034 putat
233 2984 363 3024 Lehrs
474 2998 491 3024 1
524 2986 757 3026 commodis
778 2986 868 3038 (-us
889 2985 946 3038 62)
966 2985 996 3028 Β
1649 3033 1668 3066 7

141 3047 268 3072 RORA'H
290 3048 396 3072 CARM-
