2084 3380
330 139 390 199 Q.
435 138 711 186 HORATI
751 137 1003 186 FLACCI

532 278 630 324 heu
666 274 931 338 pervicacis
968 276 1032 322 ad
1069 276 1221 338 pedes
1259 267 1498 323 Achillei:

533 366 724 406 saetosa
760 356 894 406 duris
930 372 1106 405 exuere
1141 355 1352 418 pellibus

534 438 765 488 laboriosi
802 437 1008 501 remiges
1045 436 1207 486 Vlixei

533 521 731 569 volente
761 519 905 569 Circa
935 519 1188 579 membra3
1223 528 1343 568 tunc
1372 535 1512 568 mens
1544 528 1592 568 et
1621 535 1772 569 sonus

535 602 752 664 relapsus
787 608 937 662 atque
972 608 1119 648 notus
1155 599 1206 647 in
1242 601 1405 649 vultus
1440 601 1612 649 honor.

535 681 653 732 dedi
687 681 803 730 satis
840 697 1084 744 superque
1119 697 1392 744 poenarum
1426 680 1531 741 tibi,

535 772 699 812 amata
734 762 894 811 nautis
930 764 1142 811 multum
1178 771 1226 811 et
1261 762 1594 812 institoribus:

536 845 659 908 fugit
694 844 917 894 iuventas
953 853 1002 893 et
1037 846 1345 893 verecundus
1381 846 1531 893 color

537 924 732 988 reliquit
767 941 880 974 ossa
914 926 1043 988 pelle
1077 926 1258 973 amicta
1293 924 1451 973 lurida
1467 943 1481 985 3

538 1006 634 1054 tuis
670 1005 876 1069 capillus
910 1006 1053 1054 albus
1089 1014 1162 1055 est
1197 1005 1466 1066 odoribus;

539 1088 730 1135 nullum
769 1086 834 1134 ab
869 1086 1038 1135 labore
1074 1102 1154 1135 me
1190 1085 1392 1135 reclinat
1428 1085 1615 1147 otium;

540 1174 678 1230 urget
713 1165 847 1216 diem
884 1182 982 1215 nox
1017 1175 1066 1215 et
1101 1166 1207 1216 dies
1244 1176 1458 1227 noctem,
1496 1181 1661 1231 neque
1699 1176 1773 1217 est

541 1250 700 1297 levare
736 1256 873 1297 tenta
908 1246 1079 1311 spiritu
1115 1248 1414 1311 praecordia.

541 1346 656 1393 ergo
693 1337 925 1392 negatum
960 1329 1130 1378 vincor
1166 1339 1219 1378 ut
1255 1330 1452 1379 credam
1488 1329 1648 1388 miser,

543 1411 737 1460 Sabella
771 1419 945 1473 pectus
981 1410 1232 1474 increpare
1268 1410 1484 1459 carmina

543 1501 790 1555 caputque
828 1493 993 1541 Marsa
1029 1491 1236 1542 dissilire
1272 1492 1430 1541 nenia.

543 1573 663 1637 quid
699 1573 909 1637 amplius
945 1572 1054 1621 vis?
1100 1590 1131 1621 o
1167 1589 1299 1622 mare
1333 1580 1382 1621 et
1420 1583 1556 1633 terra,
1595 1576 1747 1623 ardeo

542 1664 783 1719 quantum
821 1670 983 1717 neque
1018 1663 1123 1703 atro
1159 1654 1407 1704 delibutus
1447 1657 1689 1705 Hercules

545 1736 691 1785 Nessi
727 1752 899 1785 cruore
934 1753 1026 1785 nec
1063 1736 1238 1785 Sicana
1273 1736 1456 1786 fervida

545 1816 704 1866 virens
740 1817 791 1865 in
826 1819 990 1866 Aetna
1025 1819 1251 1867 flamma:
1300 1827 1367 1877 tn,
1406 1820 1568 1868 donec
1604 1819 1727 1868 cinis

546 1898 790 1947 iniuriosis
825 1898 991 1948 aridus
1026 1898 1183 1947 ventis
1220 1901 1356 1959 ferar,

547 1982 675 2029 cales
711 1980 913 2029 venenis
949 1979 1147 2029 officina
1183 1980 1445 2031 Colchicis,

547 2077 674 2124 quae
710 2060 820 2109 finis
855 2070 940 2110 aut
976 2063 1112 2124 quod
1150 2079 1229 2111 me
1266 2072 1433 2112 manet
1468 2062 1807 2128 stipendium?

547 2143 722 2191 effare:
770 2142 924 2191 iussas
960 2159 1075 2192 curn
1112 2143 1210 2192 fide
1245 2160 1432 2207 poenas
1468 2147 1614 2204 luam,

547 2232 745 2287 paratus
780 2223 988 2286 expiare,
1027 2240 1114 2273 seu
1150 2225 1434 2289 poposceris

549 2313 750 2353 centum
786 2304 1035 2364 iuvencos,
1074 2306 1175 2355 sive
1212 2306 1439 2356 mendaci
1474 2308 1574 2370 lyra

550 2387 684 2434 voles
720 2386 895 2446 sonari,
934 2396 987 2435 tu
1023 2387 1218 2450 pudica,
1257 2395 1310 2437 tu
1345 2388 1501 2451 proba
1956 2407 2011 2448 40

550 2467 915 2529 perambulabis
950 2477 1079 2517 astra
1114 2468 1249 2518 sidus
1283 2485 1499 2518 aureum.

552 2547 746 2596 infamis
784 2550 1012 2598 Helenae
1049 2550 1225 2600 Castor
1259 2550 1475 2599 offensus
1509 2550 1616 2599 vice
2042 2549 2069 2611 {4³³

553 2629 796 2693 fraterque
831 2630 996 2695 magni
1033 2630 1264 2691 Castoris,
1298 2630 1414 2679 victi
1448 2646 1606 2694 prece,
2044 2624 2068 2637 ²²

553 2710 787 2773 adempta
821 2711 919 2760 vati
954 2711 1214 2761 reddidere
1249 2711 1465 2760 lumina:

555 2798 603 2838 et
639 2800 705 2850 tu,
745 2800 886 2855 potes
922 2809 1051 2852 narn,
1091 2794 1225 2842 solve
1261 2808 1341 2841 me
1377 2790 1639 2850 dementia,
1958 2809 2011 2851 45

2032 2753 2060 2768 &A

406 2915 673 2970 n=aBCM]
734 2929 780 2966 17
813 2923 899 2956 tum
920 2916 1001 2956 aM
1175 2918 1224 2955 18
1252 2915 1411 2955 relatus
1430 2912 1511 2954 BC
1592 2964 1595 2965 ⁷
1675 2927 1729 2954 22
1750 2914 1824 2955 ota
1844 2912 2012 2967 Bentley

354 2974 532 3014 amictus
553 2971 633 3012 BC
635 2971 647 2996 ¹
753 2984 807 3022 30
827 2985 852 3010 0
872 2977 985 3010 terra
1003 2972 1041 3012 ς’
1141 2983 1195 3020 35
1216 2970 1359 3010 calens
1378 2967 1414 3008 C
1418 2969 1429 2991 ¹
1530 2981 1584 3018 39
1603 2969 1788 3009 iuvencis
1808 2969 1847 3011 ς’
1955 2984 2010 3020 40

355 3029 499 3067 sonari
521 3025 716 3067 aC2M622
747 3039 902 3065 sonare
922 3031 1005 3066 cett.
1122 3037 1173 3074 42
1203 3024 1337 3064 vicem
1358 3022 1411 3063 M
1426 3021 1595 3074 Bentley
