2084 3380
1013 154 1407 203 CARMINVM
1446 155 1660 202 LIBER
1699 157 1722 203 I

842 440 948 487 XII

268 545 428 605 QVEM
464 542 621 591 virum
656 550 740 590 aut
776 543 926 590 heroa
961 542 1061 604 lyra
1096 543 1172 591 vel
1207 540 1307 590 aeri

267 624 388 672 tibia
423 624 576 672 sumis
611 624 870 682 celebrare,
912 623 1060 672 Clio?

267 722 415 769 quem
452 707 644 754 deum?
689 705 828 754 cuius
864 705 1047 754 recinet
1084 705 1252 754 iocosa

334 804 518 836 nomen
554 787 717 850 imago

266 878 350 918 aut
385 869 436 917 in
472 868 716 917 umbrosis
755 868 1014 917 Heliconis
1051 868 1148 917 oris
1702 890 1724 929 5

266 960 350 999 aut
385 967 530 1014 super
567 950 728 1000 Pindo
762 950 988 1013 gelidove
1025 950 1074 998 in
1114 952 1328 1010 HaemO,

268 1033 401 1080 unde
435 1033 657 1080 vocalem
695 1040 880 1081 temere
914 1031 1167 1081 insecutae

333 1112 534 1176 Orphea
570 1112 718 1162 silvae

266 1203 369 1243 arte
405 1203 625 1244 materna
662 1194 859 1257 rapidos
896 1204 1172 1243 morantem

266 1275 526 1324 fluminum
562 1277 726 1339 lapsus
762 1275 1031 1338 celerisque
1065 1285 1253 1335 ventos,
1677 1295 1725 1323 10

266 1357 506 1406 blandum
543 1366 591 1405 et
625 1356 804 1405 auritas
841 1356 1022 1405 fidibus
1059 1356 1249 1405 canoris

332 1438 513 1486 ducere
548 1439 794 1500 quercus?

266 1518 386 1581 quid
422 1518 554 1582 prius
590 1518 754 1567 dicam
790 1517 943 1567 solitis
979 1517 1194 1581 parentis

264 1598 507 1658 laudibus,
546 1599 631 1662 qui
666 1615 741 1648 res
776 1598 1035 1647 hominum
1072 1615 1130 1647 ac
1166 1599 1387 1658 deorum,

264 1679 350 1743 qui
386 1696 519 1729 mare
545 1690 608 1733 ,et
648 1688 796 1729 terras
831 1678 1074 1743 variisque
1111 1681 1354 1728 mundum
1676 1699 1722 1739 15

331 1769 571 1824 temperat
605 1748 776 1809 horis?

265 1843 399 1891 unde
435 1842 504 1890 nil
541 1841 697 1891 maius
733 1851 991 1906 generatur
1026 1841 1149 1906 ipso,

265 1940 358 1972 nec
393 1922 522 1986 viget
557 1923 823 1986 quicquam
859 1923 1016 1972 simile
1051 1932 1136 1972 aut
1172 1924 1477 1972 secundum:

264 2004 513 2067 proximos
549 2004 618 2053 illi
654 2014 819 2054 tamen
856 2005 1116 2068 occupavit

334 2089 492 2135 Pallas
529 2088 755 2136 honores.
1675 2106 1725 2134 20

264 2168 461 2231 proeliis
496 2170 669 2228 audax,
708 2185 872 2232 neque
907 2178 956 2217 te
992 2168 1162 2228 silebo,

266 2249 430 2309 Liber,
464 2258 513 2298 et
549 2249 704 2298 saevis
739 2249 940 2299 inimica
962 2249 1115 2312 Virgo

265 2330 436 2390 beluis,
471 2347 566 2380 nec
600 2340 663 2390 te,
698 2333 966 2380 metuende
1001 2339 1134 2379 certa

333 2412 537 2461 Phoebe
571 2411 756 2475 sagitta.

264 2491 428 2542 dicam
464 2501 513 2541 et
544 2492 755 2541 Alciden
791 2508 1069 2555 puerosque
1104 2493 1285 2551 Ledae,
1675 2508 1724 2548 25

265 2575 399 2623 hunc
434 2573 588 2637 equis,
627 2573 765 2622 illum
803 2589 1031 2636 superare
1066 2571 1242 2636 pugnis

265 2655 517 2716 nobilem3
557 2671 767 2718 quorum
805 2653 950 2703 simul
985 2653 1098 2702 alba
1133 2652 1294 2702 nautis

332 2737 472 2786 stella
505 2736 705 2796 refulsit,

120 2867 435 2921 n=aBDEM]
493 2868 581 2908 X11
604 2883 629 2907 2
649 2869 780 2908 sumis
798 2882 857 2908 απ
874 2883 883 2907 :
911 2881 1054 2909 sumes
1079 2868 1198 2921 νδφψ
1309 2870 1403 2910 Clio
1422 2870 1499 2910 <2⁷12
1518 2885 1528 2910 :
1556 2871 1674 2910 caelo
1692 2869 1723 2910 Β

65 2937 92 2975 3
121 2924 284 2964 recinet
310 2925 369 2963 V:
398 2924 555 2963 retinet
573 2922 647 2962 cml
667 2938 676 2962 :
707 2922 853 2962 recinit
873 2922 902 2962 Β
1033 2936 1077 2963 11
1110 2925 1332 2975 blandum]
1361 2927 1531 2964 doctum
1549 2925 1723 2965 Servius

0 2975 13 3025 ἓ,
70 2992 120 3017 12
148 2979 299 3018 beluae
318 2977 367 3018 G.
395 2978 527 3029 Wolff
677 2990 725 3027 13
756 2978 943 3028 parentis
964 2977 1094 3017 VaE:
1123 2985 1347 3028 parentum
1376 2979 1451 3018 BD
1468 2985 1506 3018 et
1523 2993 1657 3030 marg.
1687 2979 1727 3016 V

70 3045 118 3083 15
138 3039 211 3072 aut
229 3040 382 3072 terram
400 3031 431 3072 Β
448 3046 458 3071 :
485 3045 535 3072 ac
554 3037 689 3072 terras
707 3031 764 3070 32
878 3045 927 3083 ¹9
946 3033 1167 3084 occupabit
1186 3033 1388 3073 Robertus
1407 3033 1648 3084 Stephanus
