2084 3380
272 149 340 210 Q.
382 148 660 198 HORATI
699 151 950 201 FLACCI

552 316 563 322 -
610 286 789 347 Africa,
829 304 991 351 neque
1026 290 1180 339 Attali
1342 352 1345 354 ,
1911 316 1937 359 5

475 366 671 430 ignotus
707 369 848 418 heres
884 369 1065 432 regiam
1101 372 1352 435 occupavi,

610 466 702 499 nec
739 450 1010 501 Laconicas
1047 452 1167 500 mihi

475 531 674 579 trahunt
709 532 947 581 honestae
983 548 1220 596 purpuras
1257 534 1495 587 clientae:

607 620 657 661 at
692 612 815 661 fides
851 622 900 662 et
935 612 1098 678 ingeni
1702 632 1763 689 ’ζὴ
1842 673 1845 676 ,

474 691 688 755 benigna
721 710 847 743 vena
882 704 971 756 est,
1006 711 1374 760 pauperemque
1409 698 1546 748 dives
1827 708 1831 711 ’
1864 721 1939 752 ἰο

608 791 689 824 me
724 774 878 838 petit:
927 776 1049 825 nihil
1086 794 1231 842 supra

473 855 594 902 deos
630 857 819 905 lacesso
854 873 947 906 nec
982 866 1237 921 potentem
1272 859 1487 910 amicum

607 937 812 1001 largiora
847 939 1026 1002 flagito,

473 1016 588 1066 satis
627 1018 799 1067 beatus
835 1019 993 1069 unicis
1030 1020 1236 1070 Sabinis.

605 1099 816 1148 truditur
851 1100 955 1149 dies
992 1101 1086 1161 die,
1884 1128 1933 1170 15

471 1195 729 1243 novaeque
765 1191 973 1245 pergunt
1010 1182 1206 1233 interire
1242 1186 1417 1236 lunae:

605 1270 658 1310 tu
695 1264 908 1311 secanda
946 1280 1190 1314 marmora

470 1343 603 1390 locas
640 1343 733 1391 sub
769 1343 932 1406 ipsum
968 1346 1116 1394 funus
1153 1354 1201 1395 et
1237 1347 1446 1410 sepulcri

604 1422 866 1474 immernor
901 1426 1044 1475 struis
1081 1428 1258 1477 domos

469 1504 715 1568 marisque
751 1506 865 1555 Bais
901 1507 1228 1571 obstrepentis
1264 1526 1405 1574 urges
1881 1533 1937 1565 20

604 1603 914 1636 summovere
950 1588 1104 1648 litora,

467 1683 640 1730 parum
676 1669 897 1732 locuples
934 1669 1219 1720 continente
1254 1671 1367 1735 ripa.

601 1749 722 1812 quid
759 1751 896 1813 quod
933 1767 1089 1815 usque
1124 1752 1374 1815 proximos

467 1829 655 1879 revellis
691 1830 791 1893 agri
828 1831 1062 1881 terminos
1099 1841 1147 1882 et
1183 1835 1306 1884 ultra

598 1910 777 1961 limites
814 1911 1066 1962 clientium
1878 1938 1927 1980 25

465 1992 576 2041 salis
612 1995 822 2042 avarus?
874 1994 1069 2058 pellitur
1103 2004 1333 2059 paternos

598 2073 649 2122 in
685 2074 795 2123 sinu
831 2077 990 2125 ferens
1027 2078 1148 2126 deos

463 2163 510 2203 et
547 2171 668 2204 uxor
703 2164 751 2204 et
786 2156 858 2204 vir
893 2157 1219 2222 sordidosque
1257 2169 1408 2210 natos.

597 2238 733 2285 nulla
767 2237 943 2287 certior
979 2247 1145 2288 tamen

463 2317 649 2380 rapacis
687 2318 804 2367 Orci
840 2320 938 2368 fine
975 2321 1218 2370 destinata
1870 2344 1925 2385 30

596 2400 708 2447 aula
742 2399 946 2449 divitem
984 2412 1151 2452 manet

462 2496 611 2527 erum.
686 2480 806 2543 quid
843 2483 967 2530 ultra
1005 2483 1204 2533 tendis?
1249 2500 1408 2549 aequa
1444 2487 1587 2536 tellus

596 2562 798 2624 pauperi
834 2564 1101 2613 recluditur

462 2657 729 2704 regumque
764 2643 939 2705 pueris,
979 2661 1072 2694 nec
1108 2648 1299 2695 satelles
1337 2647 1452 2696 Orci

595 2721 828 2771 callidum
865 2726 1160 2775 Promethea
1867 2749 1920 2792 35

463 2802 642 2851 revexit
677 2820 797 2852 auro
833 2813 1016 2868 captus.
1090 2807 1170 2856 hic
1206 2808 1472 2871 superbum

310 2933 623 2985 a=aBDEM]
683 2933 829 2973 XVIII
853 2936 878 2973 8
907 2935 1089 2974 clientae
1118 2935 1239 2974 VBn2
1259 2934 1502 2976 Charisius:
1534 2936 1726 2977 clientiae
1754 2952 1784 2980 α
1816 2939 1914 2991 (exc.

256 2988 316 3038 Β)
334 3003 343 3028 :
365 2989 541 3028 clientes
560 2988 590 3028 Β
607 2993 646 3028 et
662 2996 754 3040 sup.
782 3002 861 3029 ras,
887 2988 931 3026 D
1040 3002 1175 3040 22-29
1195 3003 1276 3030 om.
1298 2990 1340 3028 Β
1417 3002 1469 3042 25
1490 2991 1664 3032 limitem
1685 2991 1754 3032 δῙπ
1863 3009 1917 3044 3ο

257 3044 358 3082 sede
378 3044 416 3083 ς’
435 3043 608 3083 Servius
715 3045 769 3092 36
799 3044 1078 3096 revix(-vinx-
1101 3046 1180 3096 vr>it
1199 3044 1228 3084 Β
