2084 3380
168 143 195 150 ψ
223 141 289 166 ³
312 150 375 156 ῃ
978 158 1371 207 CARMINVM
1410 157 1624 205 LIBER
1661 158 1743 205 111

356 296 454 345 iam
479 298 648 346 ‘clarus
683 298 934 346 Occultum
971 297 1323 346 Andromedae
1392 306 1496 345 ater
1583 285 1781 384 <flas—,2²0
1817 332 1830 350 ,ι
1850 333 1903 354 ,1

106 389 260 451 (vass-w
355 377 572 427 ostendit
606 376 784 440 ignem,
823 376 921 426 iam
958 379 1183 440 Procyon
1219 377 1333 426 furit
1693 375 1773 451 4)ζῖ
1867 418 1869 421 ⁴
1902 420 1917 441 s

423 467 472 506 et
506 459 646 507 stella
678 458 847 508 vesani
883 457 1079 517 Leonis,
1691 446 1703 480 7

488 540 593 588 sole
627 538 734 588 dies
770 541 1009 588 referente
1044 539 1230 588 siccos:
1698 561 1748 589 20

353 633 453 682 iam
487 642 655 696 pastor
690 634 889 683 umbras
925 651 1040 683 cum
1075 650 1219 697 grege
1254 633 1490 699 languido

352 713 611 778 rivumque
645 716 803 763 fessus
839 714 1029 778 quaerit
1064 723 1113 764 et
1148 714 1333 765 horridi

420 797 625 845 dumeta
660 794 857 856 Silvani,
899 805 1129 859 caretque

484 876 589 941 ripa
622 876 755 941 vagis
791 876 1033 926 taciturna
1066 876 1237 926 ventis.

354 981 408 1021 tu
443 970 691 1021 civitatem
725 972 838 1036 quis
873 973 1048 1022 deceat
1083 981 1238 1021 status
1700 994 1718 1020 2
1726 994 1747 1032 5

354 1069 494 1102 curas
530 1061 580 1122 et
600 1053 737 1116 ,Vrbi
773 1053 1011 1103 sollicitus
1046 1053 1191 1103 times

422 1131 567 1198 quid
579 1117 720 1184 Seres
730 1120 745 1133 ἰή
756 1143 804 1184 et
840 1144 1041 1199 regnata
1077 1136 1208 1198 Cyro
1225 1162 1230 1166 -

488 1217 666 1265 Baetra
699 1224 872 1279 parent
909 1215 1193 1279 Tanaisque
1228 1214 1430 1266 discors.

221 1272 572 1363 fam
604 1310 753 1360 futuri
789 1310 1023 1374 temporis
1059 1310 1242 1360 exitum

352 1390 619 1455 caliginosa
654 1400 802 1442 nocte
836 1391 1014 1455 premit
1049 1393 1187 1452 deuS,
1698 1412 1749 1450 3⁰

418 1471 644 1536 ridetque
679 1472 719 1520 si
756 1472 974 1522 mortalis
1010 1474 1136 1521 ultra

485 1555 558 1602 fas
593 1552 818 1616 trepidat.
892 1554 1029 1616 quod
1064 1554 1206 1602 adest
1242 1563 1495 1603 memento

351 1663 652 1712 componere
687 1665 908 1712 aequus,
956 1656 1119 1698 cetera
1153 1648 1370 1698 fluminis

351 1728 445 1778 ritu
480 1730 714 1789 feruntur,
731 1761 735 1764 >
754 1746 889 1778 nunc
924 1728 1093 1779 medio
1128 1731 1269 1778 alveo

418 1827 534 1860 cum
570 1827 693 1873 pace
728 1809 1007 1860 delabentis
1045 1812 1306 1860 Etruscum
1697 1833 1720 1872 5
1729 1834 1747 1872 5

483 1891 535 1941 in
573 1909 719 1952 mare,
760 1909 895 1941 nunc
930 1891 1119 1956 lapides
1154 1893 1332 1942 adesos

351 1985 626 2051 stirpesque
660 1995 822 2051 raptas
860 1996 909 2035 et
944 2003 1095 2051 pecus
1131 1995 1180 2035 et
1215 1987 1395 2036 domos

350 2065 591 2116 volventis
627 2083 727 2116 una
761 2083 865 2116 non
902 2066 1007 2116 sine
1043 2065 1289 2118 montium

418 2149 633 2198 clamore
667 2147 958 2213 vicinaeque
993 2147 1156 2208 silvae,

484 2245 599 2277 cum
634 2229 735 2278 fera
771 2227 979 2278 diluvies
1015 2228 1209 2292 quietos
1695 2251 1749 2291 40

350 2321 502 2372 irritat
536 2323 709 2373 amnis.
782 2322 865 2373 ille
900 2332 1079 2388 potens
1114 2323 1190 2372 sui

350 2403 606 2468 laetusque
642 2405 802 2468 deget,
841 2402 923 2454 cui
957 2404 1072 2455 licet
1106 2403 1158 2453 in
1195 2403 1328 2454 diem

416 2483 597 2534 dixisse
635 2489 647 2512 ‘
665 2484 790 2534 vixi:
838 2502 944 2535 cras
980 2487 1057 2536 vel
1092 2494 1195 2535 atra

484 2566 618 2616 nube
652 2567 824 2630 polum
863 2569 1007 2616 Pater
1042 2575 1286 2630 occupato

349 2659 427 2710 vel
462 2662 566 2712 sole
601 2678 725 2725 puro
741 2679 755 2722 ;
803 2675 905 2710 non
943 2669 1109 2712 tamen
1145 2660 1346 2720 irritum,
1694 2681 1745 2722 45

349 2743 704 2807 quodcumque
740 2751 868 2792 retro
904 2752 992 2802 est,
1031 2739 1208 2793 efficiet
1243 2758 1407 2805 neque

415 2821 637 2888 diffinget
672 2822 1009 2889 infectumque
1045 2824 1233 2882 reddet,

485 2906 622 2968 quod
657 2904 847 2968 fugiens
876 2905 1037 2954 'semel
1073 2905 1194 2958 hora
1228 2903 1387 2954 vexit.'

139 3038 345 3092 u=aBC]
405 3053 461 3092 29
489 3039 665 3081 exitium
688 3037 723 3079 C
829 3049 882 3088 34
911 3035 1153 3078 reseruntur
1171 3051 1198 3077 ιι
1281 3050 1466 3088 aequore
1487 3034 1515 3077 Β
1566 3030 1570 3034 ’
