<?xml version="1.0" encoding="UTF-8"?>
<!DOCTYPE html PUBLIC "-//W3C//DTD XHTML 1.0 Transitional//EN"
    "http://www.w3.org/TR/xhtml1/DTD/xhtml1-transitional.dtd">
<html xmlns="http://www.w3.org/1999/xhtml" xml:lang="en" lang="en">
 <head>
  <title>
</title>
<meta http-equiv="Content-Type" content="text/html;charset=utf-8" />
  <meta name='ocr-system' content='tesseract 3.04.00' />
  <meta name='ocr-capabilities' content='ocr_page ocr_carea ocr_par ocr_line ocrx_word'/>
</head>
<body>
  <div class='ocr_page' id='page_1' title='image "./horacevol1odesca00horauoft_0100.png"; bbox 0 0 2084 3380; ppageno 0'>
   <div class='ocr_carea' id='block_1_1' title="bbox 329 121 1001 182">
    <p class='ocr_par' dir='ltr' id='par_1_1' title="bbox 329 121 1001 182">
     <span class='ocr_line' id='line_1_1' title="bbox 329 121 1001 182; baseline 0.003 -14"><span class='ocrx_word' id='word_1_1' title='bbox 329 121 390 182; x_wconf 89' lang='lat' dir='ltr'>Q.</span> <span class='ocrx_word' id='word_1_2' title='bbox 432 121 709 170; x_wconf 90' lang='lat' dir='ltr'>HORATI</span> <span class='ocrx_word' id='word_1_3' title='bbox 749 122 1001 172; x_wconf 93' lang='lat' dir='ltr'>FLACCI</span> 
     </span>
    </p>
   </div>
   <div class='ocr_carea' id='block_1_2' title="bbox 522 258 1992 2179">
    <p class='ocr_par' dir='ltr' id='par_1_2' title="bbox 522 258 1992 2179">
     <span class='ocr_line' id='line_1_2' title="bbox 529 258 1988 323; baseline 0.004 -16"><span class='ocrx_word' id='word_1_4' title='bbox 529 258 891 308; x_wconf 83' lang='lat' dir='ltr'>desiderantem</span> <span class='ocrx_word' id='word_1_5' title='bbox 924 260 1061 322; x_wconf 94' lang='lat' dir='ltr'>quod</span> <span class='ocrx_word' id='word_1_6' title='bbox 1097 258 1211 308; x_wconf 89' lang='lat' dir='ltr'>satis</span> <span class='ocrx_word' id='word_1_7' title='bbox 1247 268 1321 308; x_wconf 90' lang='lat' dir='ltr'>est</span> <span class='ocrx_word' id='word_1_8' title='bbox 1355 276 1520 323; x_wconf 90' lang='lat' dir='ltr'>neque</span> <span class='ocrx_word' id='word_1_9' title='bbox 1937 280 1988 323; x_wconf 77' lang='lat'>25</span> 
     </span>
     <span class='ocr_line' id='line_1_3' title="bbox 528 338 1320 389; baseline 0.001 -2"><span class='ocrx_word' id='word_1_10' title='bbox 528 342 887 389; x_wconf 91' lang='lat' dir='ltr'>tumultuosum</span> <span class='ocrx_word' id='word_1_11' title='bbox 923 338 1151 389; x_wconf 89' lang='lat' dir='ltr'>sollicitat</span> <span class='ocrx_word' id='word_1_12' title='bbox 1187 356 1320 388; x_wconf 92' lang='lat' dir='ltr'>mare</span> 
     </span>
     <span class='ocr_line' id='line_1_4' title="bbox 595 419 1387 470; baseline 0 -1"><span class='ocrx_word' id='word_1_13' title='bbox 595 437 688 469; x_wconf 92' lang='lat' dir='ltr'>nec</span> <span class='ocrx_word' id='word_1_14' title='bbox 724 437 898 469; x_wconf 90' lang='lat' dir='ltr'>saevus</span> <span class='ocrx_word' id='word_1_15' title='bbox 933 419 1129 468; x_wconf 89' lang='lat' dir='ltr'><strong>Arcturi</strong></span> <span class='ocrx_word' id='word_1_16' title='bbox 1165 419 1387 470; x_wconf 88' lang='lat' dir='ltr'>cadentis</span> 
     </span>
     <span class='ocr_line' id='line_1_5' title="bbox 662 499 1449 564; baseline 0.003 -16"><span class='ocrx_word' id='word_1_17' title='bbox 662 500 875 564; x_wconf 91' lang='lat' dir='ltr'>impetus</span> <span class='ocrx_word' id='word_1_18' title='bbox 911 508 995 548; x_wconf 90' lang='lat' dir='ltr'>aut</span> <span class='ocrx_word' id='word_1_19' title='bbox 1032 499 1230 549; x_wconf 89' lang='lat' dir='ltr'>orientis</span> <span class='ocrx_word' id='word_1_20' title='bbox 1268 500 1449 560; x_wconf 83' lang='lat' dir='ltr'>Haedi,</span> 
     </span>
     <span class='ocr_line' id='line_1_6' title="bbox 527 580 1425 644; baseline 0.002 -15"><span class='ocrx_word' id='word_1_21' title='bbox 527 598 630 630; x_wconf 92' lang='lat' dir='ltr'>non</span> <span class='ocrx_word' id='word_1_22' title='bbox 665 582 945 630; x_wconf 83' lang='lat' dir='ltr'>verberatae</span> <span class='ocrx_word' id='word_1_23' title='bbox 980 581 1218 644; x_wconf 86' lang='lat' dir='ltr'>grandine</span> <span class='ocrx_word' id='word_1_24' title='bbox 1252 580 1425 631; x_wconf 92' lang='lat' dir='ltr'>vineae</span> 
     </span>
     <span class='ocr_line' id='line_1_7' title="bbox 527 647 1992 726; baseline 0.001 -16"><span class='ocrx_word' id='word_1_25' title='bbox 527 663 809 725; x_wconf 91' lang='lat' dir='ltr'>fundusque</span> <span class='ocrx_word' id='word_1_26' title='bbox 845 663 1070 720; x_wconf 86' lang='lat' dir='ltr'>mendax,</span> <span class='ocrx_word' id='word_1_27' title='bbox 1109 661 1282 711; x_wconf 91' lang='lat' dir='ltr'>arbore</span> <span class='ocrx_word' id='word_1_28' title='bbox 1317 679 1451 711; x_wconf 93' lang='lat' dir='ltr'>nunc</span> <span class='ocrx_word' id='word_1_29' title='bbox 1480 647 1638 726; x_wconf 83' lang='lat' dir='ltr'>aquas</span> <span class='ocrx_word' id='word_1_30' title='bbox 1936 683 1992 726; x_wconf 80' lang='lat'>30</span> 
     </span>
     <span class='ocr_line' id='line_1_8' title="bbox 595 742 1458 806; baseline 0.001 -15"><span class='ocrx_word' id='word_1_31' title='bbox 595 745 840 806; x_wconf 88' lang='lat' dir='ltr'>culpante,</span> <span class='ocrx_word' id='word_1_32' title='bbox 880 759 1014 791; x_wconf 93' lang='lat' dir='ltr'>nunc</span> <span class='ocrx_word' id='word_1_33' title='bbox 1052 742 1283 792; x_wconf 89' lang='lat' dir='ltr'>torrentia</span> <span class='ocrx_word' id='word_1_34' title='bbox 1317 759 1458 806; x_wconf 87' lang='lat' dir='ltr'>agros</span> 
     </span>
     <span class='ocr_line' id='line_1_9' title="bbox 662 822 1470 887; baseline 0.001 -16"><span class='ocrx_word' id='word_1_35' title='bbox 662 823 832 881; x_wconf 88' lang='lat' dir='ltr'>sidera,</span> <span class='ocrx_word' id='word_1_36' title='bbox 872 840 1006 871; x_wconf 91' lang='lat' dir='ltr'>nunc</span> <span class='ocrx_word' id='word_1_37' title='bbox 1042 822 1230 872; x_wconf 89' lang='lat' dir='ltr'>hiemes</span> <span class='ocrx_word' id='word_1_38' title='bbox 1265 823 1470 887; x_wconf 87' lang='lat' dir='ltr'>iniquas.</span> 
     </span>
     <span class='ocr_line' id='line_1_10' title="bbox 527 902 1475 966; baseline 0 -14"><span class='ocrx_word' id='word_1_39' title='bbox 527 911 778 953; x_wconf 91' lang='lat' dir='ltr'>contracta</span> <span class='ocrx_word' id='word_1_40' title='bbox 813 902 973 966; x_wconf 88' lang='lat' dir='ltr'>pisces</span> <span class='ocrx_word' id='word_1_41' title='bbox 1008 920 1224 966; x_wconf 91' lang='lat' dir='ltr'>aequora</span> <span class='ocrx_word' id='word_1_42' title='bbox 1258 903 1475 953; x_wconf 91' lang='lat' dir='ltr'>sentiunt</span> 
     </span>
     <span class='ocr_line' id='line_1_11' title="bbox 524 983 1632 1048; baseline 0.002 -16"><span class='ocrx_word' id='word_1_43' title='bbox 524 984 662 1033; x_wconf 90' lang='lat' dir='ltr'>iactis</span> <span class='ocrx_word' id='word_1_44' title='bbox 698 983 749 1032; x_wconf 92' lang='lat' dir='ltr'>in</span> <span class='ocrx_word' id='word_1_45' title='bbox 784 985 939 1038; x_wconf 88' lang='lat' dir='ltr'>altum</span> <span class='ocrx_word' id='word_1_46' title='bbox 975 984 1225 1045; x_wconf 80' lang='lat' dir='ltr'>molibus;</span> <span class='ocrx_word' id='word_1_47' title='bbox 1270 986 1368 1033; x_wconf 92' lang='lat' dir='ltr'>huc</span> <span class='ocrx_word' id='word_1_48' title='bbox 1403 986 1632 1048; x_wconf 91' lang='lat' dir='ltr'>frequens</span> 
     </span>
     <span class='ocr_line' id='line_1_12' title="bbox 592 1064 1987 1129; baseline 0.001 -16"><span class='ocrx_word' id='word_1_49' title='bbox 592 1074 849 1114; x_wconf 90' lang='lat' dir='ltr'>caementa</span> <span class='ocrx_word' id='word_1_50' title='bbox 883 1064 1097 1114; x_wconf 89' lang='lat' dir='ltr'>demittit</span> <span class='ocrx_word' id='word_1_51' title='bbox 1132 1066 1414 1129; x_wconf 90' lang='lat' dir='ltr'>redemptor</span> <span class='ocrx_word' id='word_1_52' title='bbox 1938 1087 1987 1127; x_wconf 79' lang='lat'>35</span> 
     </span>
     <span class='ocr_line' id='line_1_13' title="bbox 660 1145 1561 1210; baseline 0.001 -15"><span class='ocrx_word' id='word_1_53' title='bbox 660 1163 774 1195; x_wconf 92' lang='lat' dir='ltr'>cum</span> <span class='ocrx_word' id='word_1_54' title='bbox 810 1146 1004 1195; x_wconf 90' lang='lat' dir='ltr'>famulis</span> <span class='ocrx_word' id='word_1_55' title='bbox 1041 1145 1372 1210; x_wconf 90' lang='lat' dir='ltr'>dominusque</span> <span class='ocrx_word' id='word_1_56' title='bbox 1406 1155 1561 1196; x_wconf 89' lang='lat' dir='ltr'>terrae</span> 
     </span>
     <span class='ocr_line' id='line_1_14' title="bbox 525 1226 1475 1276; baseline 0.001 -1"><span class='ocrx_word' id='word_1_57' title='bbox 525 1226 839 1275; x_wconf 79' lang='lat' dir='ltr'>fastidiosus:</span> <span class='ocrx_word' id='word_1_58' title='bbox 887 1228 976 1275; x_wconf 95' lang='lat' dir='ltr'>sed</span> <span class='ocrx_word' id='word_1_59' title='bbox 1012 1226 1183 1276; x_wconf 90' lang='lat' dir='ltr'>Timor</span> <span class='ocrx_word' id='word_1_60' title='bbox 1218 1235 1268 1275; x_wconf 92' lang='lat' dir='ltr'>et</span> <span class='ocrx_word' id='word_1_61' title='bbox 1304 1226 1475 1276; x_wconf 90' lang='lat' dir='ltr'>Minae</span> 
     </span>
     <span class='ocr_line' id='line_1_15' title="bbox 524 1307 1604 1372; baseline 0.002 -16"><span class='ocrx_word' id='word_1_62' title='bbox 524 1309 769 1356; x_wconf 89' lang='lat' dir='ltr'>scandunt</span> <span class='ocrx_word' id='word_1_63' title='bbox 805 1308 983 1357; x_wconf 91' lang='lat' dir='ltr'>eodem</span> <span class='ocrx_word' id='word_1_64' title='bbox 1020 1324 1121 1371; x_wconf 91' lang='lat' dir='ltr'>quo</span> <span class='ocrx_word' id='word_1_65' title='bbox 1157 1307 1402 1367; x_wconf 89' lang='lat' dir='ltr'>dominus,</span> <span class='ocrx_word' id='word_1_66' title='bbox 1440 1324 1604 1372; x_wconf 93' lang='lat' dir='ltr'>neque</span> 
     </span>
     <span class='ocr_line' id='line_1_16' title="bbox 590 1388 1286 1438; baseline -0.001 0"><span class='ocrx_word' id='word_1_67' title='bbox 590 1388 788 1438; x_wconf 89' lang='lat' dir='ltr'>decedit</span> <span class='ocrx_word' id='word_1_68' title='bbox 822 1397 986 1437; x_wconf 88' lang='lat' dir='ltr'>aerata</span> <span class='ocrx_word' id='word_1_69' title='bbox 1020 1388 1202 1438; x_wconf 89' lang='lat' dir='ltr'>triremi</span> <span class='ocrx_word' id='word_1_70' title='bbox 1237 1398 1286 1438; x_wconf 95' lang='lat' dir='ltr'>et</span> 
     </span>
     <span class='ocr_line' id='line_1_17' title="bbox 658 1468 1992 1532; baseline 0 -14"><span class='ocrx_word' id='word_1_71' title='bbox 658 1478 770 1532; x_wconf 90' lang='lat' dir='ltr'>post</span> <span class='ocrx_word' id='word_1_72' title='bbox 805 1468 1023 1531; x_wconf 91' lang='lat' dir='ltr'>equitem</span> <span class='ocrx_word' id='word_1_73' title='bbox 1060 1471 1198 1518; x_wconf 91' lang='lat' dir='ltr'>sedet</span> <span class='ocrx_word' id='word_1_74' title='bbox 1232 1478 1336 1518; x_wconf 90' lang='lat' dir='ltr'>atra</span> <span class='ocrx_word' id='word_1_75' title='bbox 1371 1471 1513 1520; x_wconf 88' lang='lat' dir='ltr'>Cura.</span> <span class='ocrx_word' id='word_1_76' title='bbox 1936 1490 1992 1531; x_wconf 89' lang='lat'>40</span> 
     </span>
     <span class='ocr_line' id='line_1_18' title="bbox 523 1549 1557 1614; baseline 0 -15"><span class='ocrx_word' id='word_1_77' title='bbox 523 1549 702 1613; x_wconf 90' lang='lat' dir='ltr'>quodsi</span> <span class='ocrx_word' id='word_1_78' title='bbox 739 1551 992 1599; x_wconf 90' lang='lat' dir='ltr'>dolentem</span> <span class='ocrx_word' id='word_1_79' title='bbox 1029 1566 1122 1599; x_wconf 92' lang='lat' dir='ltr'>nec</span> <span class='ocrx_word' id='word_1_80' title='bbox 1159 1549 1396 1614; x_wconf 89' lang='lat' dir='ltr'>Phrygius</span> <span class='ocrx_word' id='word_1_81' title='bbox 1432 1549 1557 1614; x_wconf 91' lang='lat' dir='ltr'>lapis</span> 
     </span>
     <span class='ocr_line' id='line_1_19' title="bbox 526 1630 1384 1694; baseline -0.001 -14"><span class='ocrx_word' id='word_1_82' title='bbox 526 1648 619 1680; x_wconf 91' lang='lat' dir='ltr'>nec</span> <span class='ocrx_word' id='word_1_83' title='bbox 655 1647 978 1694; x_wconf 90' lang='lat' dir='ltr'>purpurarum</span> <span class='ocrx_word' id='word_1_84' title='bbox 1017 1630 1175 1680; x_wconf 92' lang='lat' dir='ltr'>sidere</span> <span class='ocrx_word' id='word_1_85' title='bbox 1210 1630 1384 1680; x_wconf 88' lang='lat' dir='ltr'>clarior</span> 
     </span>
     <span class='ocr_line' id='line_1_20' title="bbox 592 1711 1302 1761; baseline 0.001 -1"><span class='ocrx_word' id='word_1_86' title='bbox 592 1711 777 1760; x_wconf 88' lang='lat' dir='ltr'>delenit</span> <span class='ocrx_word' id='word_1_87' title='bbox 813 1728 930 1760; x_wconf 93' lang='lat' dir='ltr'>usus</span> <span class='ocrx_word' id='word_1_88' title='bbox 965 1728 1059 1760; x_wconf 92' lang='lat' dir='ltr'>nec</span> <span class='ocrx_word' id='word_1_89' title='bbox 1096 1713 1302 1761; x_wconf 88' lang='lat' dir='ltr'>Falerna</span> 
     </span>
     <span class='ocr_line' id='line_1_21' title="bbox 655 1792 1537 1856; baseline 0.002 -16"><span class='ocrx_word' id='word_1_90' title='bbox 655 1792 766 1841; x_wconf 89' lang='lat' dir='ltr'>vitis</span> <span class='ocrx_word' id='word_1_91' title='bbox 801 1792 1295 1856; x_wconf 89' lang='lat' dir='ltr'>Achaemeniumque</span> <span class='ocrx_word' id='word_1_92' title='bbox 1330 1801 1537 1853; x_wconf 88' lang='lat' dir='ltr'>costum,</span> 
     </span>
     <span class='ocr_line' id='line_1_22' title="bbox 523 1872 1987 1937; baseline 0.001 -15"><span class='ocrx_word' id='word_1_93' title='bbox 523 1890 609 1922; x_wconf 93' lang='lat' dir='ltr'>cur</span> <span class='ocrx_word' id='word_1_94' title='bbox 643 1872 922 1923; x_wconf 91' lang='lat' dir='ltr'>invidendis</span> <span class='ocrx_word' id='word_1_95' title='bbox 957 1873 1181 1937; x_wconf 92' lang='lat' dir='ltr'>postibus</span> <span class='ocrx_word' id='word_1_96' title='bbox 1218 1882 1267 1922; x_wconf 93' lang='lat' dir='ltr'>et</span> <span class='ocrx_word' id='word_1_97' title='bbox 1300 1890 1432 1923; x_wconf 89' lang='lat' dir='ltr'>novo</span> <span class='ocrx_word' id='word_1_98' title='bbox 1934 1894 1987 1935; x_wconf 82' lang='lat'>45</span> 
     </span>
     <span class='ocr_line' id='line_1_23' title="bbox 522 1953 1318 2003; baseline 0.001 -1"><span class='ocrx_word' id='word_1_99' title='bbox 522 1953 732 2003; x_wconf 90' lang='lat' dir='ltr'>sublime</span> <span class='ocrx_word' id='word_1_100' title='bbox 766 1953 860 2003; x_wconf 92' lang='lat' dir='ltr'>ritu</span> <span class='ocrx_word' id='word_1_101' title='bbox 895 1954 1069 2003; x_wconf 90' lang='lat' dir='ltr'>moliar</span> <span class='ocrx_word' id='word_1_102' title='bbox 1101 1953 1318 2003; x_wconf 91' lang='lat' dir='ltr'>atrium?</span> 
     </span>
     <span class='ocr_line' id='line_1_24' title="bbox 590 2034 1366 2099; baseline 0.003 -16"><span class='ocrx_word' id='word_1_103' title='bbox 590 2051 676 2084; x_wconf 91' lang='lat' dir='ltr'>cur</span> <span class='ocrx_word' id='word_1_104' title='bbox 710 2037 835 2084; x_wconf 91' lang='lat' dir='ltr'>valle</span> <span class='ocrx_word' id='word_1_105' title='bbox 870 2043 1146 2099; x_wconf 90' lang='lat' dir='ltr'>permutem</span> <span class='ocrx_word' id='word_1_106' title='bbox 1182 2034 1366 2085; x_wconf 87' lang='lat' dir='ltr'>Sabina</span> 
     </span>
     <span class='ocr_line' id='line_1_25' title="bbox 657 2115 1233 2179; baseline 0 -15"><span class='ocrx_word' id='word_1_107' title='bbox 657 2115 850 2165; x_wconf 89' lang='lat' dir='ltr'>divitias</span> <span class='ocrx_word' id='word_1_108' title='bbox 887 2115 1233 2179; x_wconf 85' lang='lat' dir='ltr'>operosiores?</span> 
     </span>
    </p>
   </div>
   <div class='ocr_carea' id='block_1_3' title="bbox 522 2322 1981 2951">
    <p class='ocr_par' dir='ltr' id='par_1_3' title="bbox 522 2322 1981 2951">
     <span class='ocr_line' id='line_1_26' title="bbox 524 2322 1468 2388; baseline 0 -15"><span class='ocrx_word' id='word_1_109' title='bbox 524 2327 816 2374; x_wconf 88' lang='lat' dir='ltr'><strong>ANGVSTAM</strong></span> <span class='ocrx_word' id='word_1_110' title='bbox 852 2323 1011 2373; x_wconf 86' lang='lat' dir='ltr'>amice</span> <span class='ocrx_word' id='word_1_111' title='bbox 1046 2323 1331 2387; x_wconf 88' lang='lat' dir='ltr'>pauperiem</span> <span class='ocrx_word' id='word_1_112' title='bbox 1366 2322 1468 2388; x_wconf 90' lang='lat' dir='ltr'>pati</span> 
     </span>
     <span class='ocr_line' id='line_1_27' title="bbox 524 2403 1253 2468; baseline 0.001 -15"><span class='ocrx_word' id='word_1_113' title='bbox 524 2406 754 2454; x_wconf 89' lang='lat' dir='ltr'>robustus</span> <span class='ocrx_word' id='word_1_114' title='bbox 789 2403 888 2454; x_wconf 89' lang='lat' dir='ltr'>acri</span> <span class='ocrx_word' id='word_1_115' title='bbox 925 2403 1098 2454; x_wconf 90' lang='lat' dir='ltr'>militia</span> <span class='ocrx_word' id='word_1_116' title='bbox 1132 2422 1253 2468; x_wconf 93' lang='lat' dir='ltr'>puer</span> 
     </span>
     <span class='ocr_line' id='line_1_28' title="bbox 591 2485 1397 2535; baseline 0.001 -1"><span class='ocrx_word' id='word_1_117' title='bbox 591 2485 846 2535; x_wconf 88' lang='lat' dir='ltr'>condiscat</span> <span class='ocrx_word' id='word_1_118' title='bbox 881 2494 930 2535; x_wconf 90' lang='lat' dir='ltr'>et</span> <span class='ocrx_word' id='word_1_119' title='bbox 966 2487 1174 2535; x_wconf 89' lang='lat' dir='ltr'>Parthos</span> <span class='ocrx_word' id='word_1_120' title='bbox 1209 2488 1397 2535; x_wconf 87' lang='lat' dir='ltr'>feroces</span> 
     </span>
     <span class='ocr_line' id='line_1_29' title="bbox 657 2568 1499 2629; baseline 0.001 -15"><span class='ocrx_word' id='word_1_121' title='bbox 657 2575 799 2615; x_wconf 85' lang='lat' dir='ltr'>vexet</span> <span class='ocrx_word' id='word_1_122' title='bbox 834 2582 985 2629; x_wconf 92' lang='lat' dir='ltr'>eques</span> <span class='ocrx_word' id='word_1_123' title='bbox 1022 2568 1322 2616; x_wconf 90' lang='lat' dir='ltr'>metuendus</span> <span class='ocrx_word' id='word_1_124' title='bbox 1358 2568 1499 2616; x_wconf 91' lang='lat' dir='ltr'>hasta</span> 
     </span>
     <span class='ocr_line' id='line_1_30' title="bbox 524 2646 1981 2711; baseline 0.001 -16"><span class='ocrx_word' id='word_1_125' title='bbox 524 2646 773 2710; x_wconf 90' lang='lat' dir='ltr'>vitamque</span> <span class='ocrx_word' id='word_1_126' title='bbox 808 2648 901 2696; x_wconf 91' lang='lat' dir='ltr'>sub</span> <span class='ocrx_word' id='word_1_127' title='bbox 937 2646 1054 2696; x_wconf 93' lang='lat' dir='ltr'>divo</span> <span class='ocrx_word' id='word_1_128' title='bbox 1089 2656 1139 2696; x_wconf 89' lang='lat' dir='ltr'>et</span> <span class='ocrx_word' id='word_1_129' title='bbox 1175 2646 1378 2711; x_wconf 90' lang='lat' dir='ltr'>trepidis</span> <span class='ocrx_word' id='word_1_130' title='bbox 1411 2655 1522 2710; x_wconf 88' lang='lat' dir='ltr'>agat</span> <span class='ocrx_word' id='word_1_131' title='bbox 1958 2665 1981 2706; x_wconf 86' lang='lat'>5</span> 
     </span>
     <span class='ocr_line' id='line_1_31' title="bbox 522 2724 1612 2777; baseline -0.001 -2"><span class='ocrx_word' id='word_1_132' title='bbox 522 2726 573 2775; x_wconf 91' lang='lat' dir='ltr'>in</span> <span class='ocrx_word' id='word_1_133' title='bbox 610 2726 767 2776; x_wconf 89' lang='lat' dir='ltr'>rebus.</span> <span class='ocrx_word' id='word_1_134' title='bbox 842 2726 981 2775; x_wconf 89' lang='lat' dir='ltr'>illum</span> <span class='ocrx_word' id='word_1_135' title='bbox 1018 2744 1077 2776; x_wconf 87' lang='lat' dir='ltr'>ex</span> <span class='ocrx_word' id='word_1_136' title='bbox 1112 2727 1375 2777; x_wconf 91' lang='lat' dir='ltr'>moenibus</span> <span class='ocrx_word' id='word_1_137' title='bbox 1409 2724 1612 2775; x_wconf 90' lang='lat' dir='ltr'>hosticis</span> 
     </span>
     <span class='ocr_line' id='line_1_32' title="bbox 590 2806 1302 2870; baseline -0.001 -14"><span class='ocrx_word' id='word_1_138' title='bbox 590 2815 814 2856; x_wconf 89' lang='lat' dir='ltr'>matrona</span> <span class='ocrx_word' id='word_1_139' title='bbox 851 2806 1075 2856; x_wconf 90' lang='lat' dir='ltr'>bellantis</span> <span class='ocrx_word' id='word_1_140' title='bbox 1111 2807 1302 2870; x_wconf 89' lang='lat' dir='ltr'>tyranni</span> 
     </span>
     <span class='ocr_line' id='line_1_33' title="bbox 657 2886 1414 2951; baseline 0 -16"><span class='ocrx_word' id='word_1_141' title='bbox 657 2886 958 2951; x_wconf 89' lang='lat' dir='ltr'>prospiciens</span> <span class='ocrx_word' id='word_1_142' title='bbox 994 2895 1044 2936; x_wconf 90' lang='lat' dir='ltr'>et</span> <span class='ocrx_word' id='word_1_143' title='bbox 1077 2888 1245 2936; x_wconf 88' lang='lat' dir='ltr'>adulta</span> <span class='ocrx_word' id='word_1_144' title='bbox 1279 2886 1414 2949; x_wconf 89' lang='lat' dir='ltr'>virgo</span> 
     </span>
    </p>
   </div>
   <div class='ocr_carea' id='block_1_4' title="bbox 319 3011 1980 3169">
    <p class='ocr_par' dir='ltr' id='par_1_4' title="bbox 319 3011 1980 3169">
     <span class='ocr_line' id='line_1_34' title="bbox 372 3011 1980 3074; baseline -0.002 -12"><span class='ocrx_word' id='word_1_145' title='bbox 372 3020 682 3074; x_wconf 74' lang='lat' dir='ltr'>u=aBDEM]</span> <span class='ocrx_word' id='word_1_146' title='bbox 767 3034 820 3072; x_wconf 87' lang='lat'>35</span> <span class='ocrx_word' id='word_1_147' title='bbox 852 3022 1023 3061; x_wconf 87' lang='lat' dir='ltr'>dimittit</span> <span class='ocrx_word' id='word_1_148' title='bbox 1053 3021 1191 3060; x_wconf 92' lang='lat' dir='ltr'>DEM</span> <span class='ocrx_word' id='word_1_149' title='bbox 1208 3036 1216 3060; x_wconf 93' lang='lat'><strong>:</strong></span> <span class='ocrx_word' id='word_1_150' title='bbox 1249 3022 1426 3061; x_wconf 84' lang='lat' dir='ltr'>remittit</span> <span class='ocrx_word' id='word_1_151' title='bbox 1441 3020 1481 3060; x_wconf 82' lang='grc' dir='ltr'>δ1</span> <span class='ocrx_word' id='word_1_152' title='bbox 1533 3042 1538 3046; x_wconf 66' lang='lat'>&gt;</span> <span class='ocrx_word' id='word_1_153' title='bbox 1631 3011 1685 3071; x_wconf 66' lang='grc'>36</span> <span class='ocrx_word' id='word_1_154' title='bbox 1713 3027 1816 3072; x_wconf 72' lang='lat' dir='ltr'>—que‘</span> <span class='ocrx_word' id='word_1_155' title='bbox 1833 3035 1914 3060; x_wconf 84' lang='lat' dir='ltr'>om.</span> <span class='ocrx_word' id='word_1_156' title='bbox 1937 3020 1980 3059; x_wconf 85' lang='lat' dir='ltr'><em>E</em></span> 
     </span>
     <span class='ocr_line' id='line_1_35' title="bbox 319 3074 1974 3128; baseline 0.001 -14"><span class='ocrx_word' id='word_1_157' title='bbox 319 3089 373 3126; x_wconf 85' lang='lat'>39</span> <span class='ocrx_word' id='word_1_158' title='bbox 393 3082 436 3114; x_wconf 88' lang='lat' dir='ltr'>et</span> <span class='ocrx_word' id='word_1_159' title='bbox 455 3075 677 3128; x_wconf 73' lang='lat' dir='ltr'>6¹(‘?)rr¹(‘?)‚</span> <span class='ocrx_word' id='word_1_160' title='bbox 701 3090 785 3115; x_wconf 86' lang='lat' dir='ltr'>om.</span> <span class='ocrx_word' id='word_1_161' title='bbox 812 3080 895 3115; x_wconf 85' lang='lat' dir='ltr'>cett.</span> <span class='ocrx_word' id='word_1_162' title='bbox 1008 3088 1060 3125; x_wconf 88' lang='lat'>43</span> <span class='ocrx_word' id='word_1_163' title='bbox 1083 3075 1243 3114; x_wconf 85' lang='lat' dir='ltr'>delenit</span> <span class='ocrx_word' id='word_1_164' title='bbox 1258 3074 1440 3114; x_wconf 74' lang='lat' dir='ltr'>aBEn1:</span> <span class='ocrx_word' id='word_1_165' title='bbox 1461 3074 1608 3115; x_wconf 87' lang='lat' dir='ltr'>delinit</span> <span class='ocrx_word' id='word_1_166' title='bbox 1620 3075 1746 3115; x_wconf 72' lang='lat' dir='ltr'>flDM</span> <span class='ocrx_word' id='word_1_167' title='bbox 1816 3075 1974 3115; x_wconf 84' lang='lat' dir='ltr'>salerna</span> 
     </span>
     <span class='ocr_line' id='line_1_36' title="bbox 320 3126 1365 3169; baseline -0.002 0"><span class='ocrx_word' id='word_1_168' title='bbox 320 3130 374 3169; x_wconf 75' lang='lat' dir='ltr'>ssa</span> <span class='ocrx_word' id='word_1_169' title='bbox 397 3143 406 3168; x_wconf 72' lang='lat' dir='ltr'>z</span> <span class='ocrx_word' id='word_1_170' title='bbox 436 3128 624 3169; x_wconf 85' lang='lat' dir='ltr'>salernae</span> <span class='ocrx_word' id='word_1_171' title='bbox 645 3128 823 3168; x_wconf 89' lang='lat' dir='ltr'><em>BDEM</em></span> <span class='ocrx_word' id='word_1_172' title='bbox 959 3126 998 3167; x_wconf 94' lang='lat'>11</span> <span class='ocrx_word' id='word_1_173' title='bbox 1025 3141 1041 3167; x_wconf 93' lang='lat'>1</span> <span class='ocrx_word' id='word_1_174' title='bbox 1065 3129 1189 3168; x_wconf 86' lang='lat' dir='ltr'>amici</span> <span class='ocrx_word' id='word_1_175' title='bbox 1210 3129 1248 3168; x_wconf 65' lang='grc' dir='ltr'><em>ς</em></span> <span class='ocrx_word' id='word_1_176' title='bbox 1266 3128 1365 3168; x_wconf 80' lang='lat' dir='ltr'>Acr.</span> 
     </span>
    </p>
   </div>
  </div>
 </body>
</html>
