2084 3380
322 132 717 182 CARMINVM
756 132 972 179 LIBER
1007 132 1089 178 III

0 1960 447 2072 X„

0 2077 474 2210 w]

521 273 739 319 Fortuna
774 286 921 319 saevo
957 271 1084 317 laeta
1119 267 1318 331 negotio
1353 277 1403 317 et

519 354 693 402 ludum
729 350 1024 400 insolentem
1061 350 1230 398 ludere
1264 348 1486 413 pertinax
1923 369 1978 411 50

586 441 878 483 transmutat
913 430 1125 480 incertos
1161 432 1388 490 honores,

652 530 787 563 nunc
823 511 957 572 mihi,
996 529 1130 560 nunc
1164 510 1246 560 alii
1280 511 1507 574 benigna.

468 592 669 683 laudo
706 616 1021 667 manentem3
1069 606 1108 655 si
1145 605 1314 655 celeris
1351 605 1508 669 quatit

517 680 720 753 pennas,
759 689 953 752 resigno
989 705 1117 751 quae
1153 687 1290 737 dedit
1326 696 1374 736 et
1409 703 1522 737 mea

584 771 760 820 virtute
796 787 876 819 me
911 769 1111 818 involvo
1145 769 1453 832 probamque
1923 787 1975 828 55

650 851 936 915 pauperiem
972 850 1078 900 sine
1113 852 1232 899 dote
1268 867 1464 914 quaero.

516 964 619 996 non
655 957 728 996 est
764 964 944 1005 meum,
984 946 1025 994 si
1061 946 1245 1009 mugiat
1281 945 1458 994 Africis

516 1029 675 1076 malus
711 1027 952 1091 procellis,
990 1028 1055 1075 ad
1091 1026 1291 1075 miseras
1327 1040 1497 1089 preces

581 1110 839 1158 decurrere
875 1117 925 1157 et
959 1107 1085 1157 votis
1120 1107 1303 1170 pacisci

649 1207 712 1238 ne
749 1189 958 1252 Cypriae
995 1188 1270 1251 Tyriaeque
1309 1198 1497 1237 merces
1923 1193 1980 1235 60

514 1286 704 1334 addant
738 1301 884 1333 avaro
920 1283 1114 1332 divitias
1152 1283 1286 1332 mari.

516 1375 635 1414 tunc
671 1382 752 1414 me
789 1364 988 1414 biremis
1023 1363 1270 1427 praesidio
1306 1365 1519 1427 scaphae

581 1456 743 1495 tutum
779 1463 866 1509 per
901 1449 1126 1508 Aegaeos
1163 1447 1402 1494 tumultus

646 1544 764 1576 aura
798 1529 919 1576 feret
954 1526 1279 1590 geminusque
1316 1527 1502 1574 Pollux.

978 1632 1297 1743 Εἱ-

512 1767 682 1814 EXEGI
721 1773 1102 1813 monumentum
1138 1780 1249 1812 aere
1284 1762 1549 1826 perennius

510 1845 757 1909 regalique
793 1844 888 1894 situ
924 1842 1235 1908 pyramidum
1270 1843 1428 1903 altius,

510 1928 646 1990 quod
681 1942 783 1975 non
819 1924 977 1974 imber
1012 1926 1149 1985 edax,
1189 1941 1291 1974 non
1327 1924 1513 1988 Aquilo
1547 1922 1794 1988 impotens

508 2006 664 2086 possit
698 2006 890 2055 diruere
924 2015 1009 2055 aut
1044 2005 1414 2055 innumerabilis

507 2104 751 2137 annorum
787 2086 935 2136 series
972 2097 1020 2136 et
1056 2089 1171 2151 fuga
1205 2097 1498 2151 temporum.
1945 2103 1968 2146 5

508 2186 610 2218 non
645 2168 807 2218 omnis
843 2168 1035 2228 moriar,
1074 2170 1327 2232 multaque
1361 2184 1472 2230 pars
1508 2166 1606 2215 mei

506 2249 679 2299 vitabit
715 2249 1014 2299 Libitinam:
1064 2266 1221 2313 usque
1256 2265 1348 2312 ego
1383 2257 1579 2312 postera

507 2348 724 2380 crescam
761 2332 908 2380 laude
945 2348 1128 2390 recens,
1169 2332 1289 2379 dum
1327 2329 1629 2395 Capitolium

507 2413 711 2464 scandet
747 2428 861 2460 curn
897 2411 1045 2460 tacita
1079 2410 1263 2474 virgine
1299 2409 1531 2474 pontifex.

507 2491 653 2551 dicar,
694 2509 792 2555 qua
826 2491 1015 2541 violens
1052 2491 1291 2555 obstrepit
1326 2490 1538 2541 Aufidus
1917 2510 1967 2538 10

507 2581 554 2620 et
591 2589 689 2635 qua
722 2589 909 2636 pauper
943 2589 1102 2636 aquae
1139 2575 1348 2621 Daunus
1382 2570 1645 2636 agrestium

505 2652 722 2716 regnavit
757 2655 1069 2716 populorum,
1108 2671 1168 2703 ex
1203 2651 1589 2716 humili-potens

505 2732 732 2795 princeps
768 2728 997 2782 Aeolium
1035 2750 1233 2783 carmen
1268 2735 1334 2782 ad
1369 2735 1521 2782 Italos

505 2813 768 2862 deduxisse
805 2816 995 2863 modos.
1070 2832 1210 2863 sume
1245 2813 1524 2877 superbiam

506 2891 777 2957 quaesitam
814 2893 998 2942 meritis
1034 2903 1082 2942 et
1119 2894 1240 2943 mihi
1277 2893 1522 2957 Delphica
1915 2909 1963 2950 15

505 2976 641 3024 lauro
677 2974 818 3037 cinge
853 2976 1036 3032 volens,
1078 2976 1410 3036 Melpomene,
1450 2988 1659 3022 comam.

356 3110 429 3135 a:
441 3098 565 3149 ch]
623 3112 674 3149 57
703 3101 862 3140 africus
881 3101 949 3140 σειδ1
1066 3104 1120 3140 60
1149 3103 1334 3152 Cypriae
1356 3103 1589 3153 Syriaeque
1613 3107 1633 3142 δ
1743 3109 1796 3144 62
1827 3113 1912 3147 tum
1933 3107 1962 3147 β

303 3147 432 3189 ΧΧΧ
392 3151 501 3190 X11
536 3154 670 3193 danus
691 3169 717 3192 π
830 3168 879 3194 12
908 3162 1109 3205 regnator
1128 3157 1177 3194 δπ
