2084 3380
1320 126 1608 175 EPODON
1645 128 1767 174 XVI

309 277 402 310 nec
437 261 743 325 vespertinus
779 261 1116 325 circumgemit
1152 279 1292 322 ursus
1328 264 1469 322 ovile,
1516 321 1518 323 Ι

372 358 535 405 neque
570 343 985 392 intumescit‘alta
1022 343 1198 408 viperis
1237 346 1447 403 humusz

304 423 542 486 pluraque
576 423 743 472 felices
780 423 1064 472 mirabimur
1079 443 1094 485 3
1140 434 1194 473 ut
1230 441 1392 488 neque
1428 426 1569 488 largis

371 520 589 567 aquosus
626 506 787 554 Eurus
821 521 934 554 arva
970 506 1108 554 radat
1143 505 1399 566 imbribus,

290 583 505 648 ⁴pinguia
538 600 631 634 nec
666 584 807 634 siccis
842 595 1043 634 urantur
1077 586 1265 635 semina
1298 587 1497 650 glaebis,
1719 610 1769 649 55

371 673 635 729 utrumque
669 682 781 729 rege
817 674 1124 729 temperante
1160 667 1405 717 caelitum.

303 762 406 795 non
442 747 540 795 huc
575 749 741 810 Argoo
775 747 1033 796 contendit
1068 748 1250 812 remige
1285 749 1446 812 pinus,

369 842 533 891 neque
567 827 819 891 impudica
855 828 1057 878 Colchis
1093 829 1257 878 intulit
1291 831 1505 893 pedem;

302 923 405 958 non
441 909 539 957 huc
574 907 764 958 Sidonii
800 918 1044 958 torserunt
1082 926 1266 959 cornua
1302 920 1483 960 nautae

369 988 614 1039 laboriosa
649 1007 741 1039 nec
777 991 954 1039 cohors
990 990 1179 1040 Vlixei:
1717 1000 1771 1040 60

31 1118 41 1142 .=
302 1071 437 1120 nulla
472 1080 654 1120 nocent
690 1071 855 1135 pecori
891 1072 1132 1135 contagia,
1171 1073 1352 1122 nullius
1388 1073 1502 1122 astri

28 1142 42 1218 ᾗ
367 1167 564 1217 gregem
598 1161 827 1212 aestuosa
861 1162 1010 1203 torret
1046 1153 1350 1216 impotentia.

0 1221 2 1224 ⁵
32 1226 43 1239 “
304 1232 526 1297 Iuppiter
560 1233 643 1282 illa
677 1234 788 1298 piae
824 1234 1029 1283 secrevit
1065 1235 1207 1284 litora
1241 1235 1388 1298 genti,

368 1323 423 1364 ut
457 1315 732 1379 inquinavit
767 1332 878 1365 aere
914 1325 1111 1380 tempus
1147 1333 1382 1377 aureum3

301 1412 424 1457 aere,
464 1396 647 1447 dehinc
681 1398 807 1446 ferro
843 1397 1035 1446 duravit
1070 1399 1278 1458 saecula,
1318 1414 1528 1461 quorum
1716 1405 1766 1457 65

368 1477 461 1541 piis
496 1479 715 1528 secunda
750 1488 858 1527 vate
895 1495 975 1527 me
1011 1479 1155 1527 datur
1190 1480 1315 1541 fuga.

854 1651 1008 1697 XVII

303 1749 405 1795 IAM
446 1743 544 1795 iam
580 1743 767 1794 efficaci
802 1745 868 1792 do
905 1759 1080 1792 manus
1117 1742 1365 1802 scientiae,

300 1826 507 1888 supplex
541 1834 589 1874 et
626 1841 714 1873 oro
748 1840 896 1887 regna
932 1841 1018 1887 per
1055 1824 1391 1887 Proserpinae,

300 1921 387 1969 per
421 1915 470 1954 et
510 1905 699 1954 Dianae
735 1921 836 1954 non
874 1906 1122 1954 movenda
1157 1904 1375 1964 numina,

301 2003 388 2050 per
421 1995 572 2050 atque
607 1986 758 2035 libros
794 1985 1068 2034 carminum
1104 1985 1372 2034 valentium
1736 2050 1739 2051 γ

301 2068 448 2117 refixa
483 2069 622 2117 caelo
657 2068 899 2116 devocare
934 2066 1105 2125 sidera,
1743 2087 1764 2125 5

303 2147 526 2207 Canidia,
564 2164 710 2211 parce
746 2147 950 2197 vocibus
986 2148 1189 2196 tandem
1226 2147 1386 2206 sacris,

302 2229 555 2293 citumque
589 2238 718 2279 retro
753 2230 902 2287 solve,
941 2229 1076 2276 solve
1111 2226 1372 2275 turbinem.
1440 2242 1443 2243 ⁷

303 2309 456 2358 movit
491 2318 725 2372 nepotem
761 2310 1013 2371 Telephus
1051 2306 1301 2366 Nereium,

303 2390 354 2438 in
390 2406 540 2453 quem
576 2390 815 2453 superbus
851 2388 1115 2438 ordinarat
1134 2387 1332 2451 agmina·

305 2473 561 2535 Mysorum
597 2480 646 2520 et
681 2471 732 2519 in
759 2461 917 2534 'quem
953 2471 1050 2519 tela
1084 2478 1230 2518 acuta
1263 2477 1495 2518 torserat:
1719 2490 1766 2518 10

304 2570 485 2602 unxere
520 2561 698 2602 matres
736 2551 857 2602 Iliae
891 2551 1147 2601 addictum
1183 2550 1295 2600 feris

302 2634 500 2684 alitibus
528 2643 677 2698 atque
705 2634 910 2683 canibus
940 2633 1242 2682 homicidam
1277 2635 1562 2692 Hectorem,

304 2723 567 2778 postquam
605 2714 782 2764 relictis
819 2714 1080 2763 moenibus
1117 2731 1198 2763 rex
1233 2713 1444 2776 procidit

157 2850 422 2903 u=aBCM]
480 2831 530 2901 5i
563 2831 698 2889 olivae
720 2845 756 2886 C
770 2861 779 2886 ε
807 2844 906 2884 ovili
928 2842 1069 2895 αἲφψδ1
1184 2854 1235 2892 52
1260 2851 1342 2881 om‘.
1367 2839 1408 2878 Β
1518 2838 1653 2877 61—62
1667 2841 1765 2887 post

109 2910 163 2958 56
179 2906 386 2959 tfsp2-Fea
477 2934 484 2941 .
507 2906 555 2942 61
588 2902 716 2942 austri
736 2899 851 2949 a²Bn
1008 2895 1129 2936 XVII
1153 2908 1177 2946 5
1197 2893 1387 2954 defixalss
1422 2920 1426 2922 -
1474 2904 1565 2932 mn
1598 2902 1761 2930 unxere

114 2961 278 3002 VaMssz
306 2957 555 3003 luxere-BC
1119 2986 1123 2988 ,

153 3026 282 3049 nonni
299 3025 399 3048 Epor).
1659 3000 1679 3030 9
