2084 3380
34 134 42 153 -.-
15 0 45 118 '‘vax-ss

546 157 847 205 CARMEN
885 157 1305 206 SAECULARE

51 292 203 352 ᾅδουσι
235 297 286 349 τῇ
317 310 362 336 τε
394 290 613 349 Ἐλλήνων
643 292 709 335 καὶ
738 288 953 348 Ῥωμαίων
983 292 1107 348 φωνῇ
1137 290 1205 334 καὶ
1240 293 1432 346 παιᾶνας,
1465 290 1518 335 δι’
1552 292 1607 335 ὧν
1642 294 1683 335 αἱ
1716 293 1796 336 ὑπὸ

49 361 268 421 Ῥωμαίοις
290 365 684 419 σώζονταιπόλεις·
715 362 830 407 ἄλλα
854 381 900 406 τε
930 364 1033 407 κατὰ
1061 365 1135 407 τὸν
1159 363 1432 421 ὑφηγημένον
1452 364 1566 421 παρὰ
1586 367 1662 409 τοῦ
1684 365 1797 408 θείου

48 438 209 494 τρόπον
228 435 476 492 ἐπράττετο,
495 434 553 481 ὧν
573 436 908 492 ἐπιτελουμένων
930 435 1131 492 διέμεινεν
1152 435 1175 491 ἡ
1197 435 1306 493 ἀρχὴ
1328 434 1541 493 Ῥωμαίων
1562 436 1795 493 ἀλώβητος.

106 508 182 555 Ὠς
202 509 253 553 ἂν
275 509 319 552 δὲ
342 510 409 553 καὶ
430 509 498 553 ἐπὶ
518 513 601 553 τῶν
621 509 880 567 πραγμάτων
901 508 1036 565 ἀληθῆ
1060 511 1190 553 ταῦτα
1213 505 1313 554 εἶναι
1336 508 1649 566 πιστεύσωμεν,
1671 510 1797 554 αὐτὸν

49 581 348 640 παραθήσομαι
391 585 464 626 τὸν
501 581 717 637 Σιβύλλης
757 586 965 639 χρησμόν,
1002 581 1078 638 ἤδη
1114 582 1196 639 πρὸ
1233 581 1347 638 ήμῶν
1382 571 1480 639 παρ’
1513 584 1665 639 ἑτέρων
1702 583 1793 625 ἀνε-
1808 600 1857 639 35

32 652 36 653 ⁷
51 654 268 715 νηγμένον·

279 781 401 826 Ἀλλ’
434 784 593 827 ὁπόταν
622 782 824 840 μήκιστος
855 780 922 837 ἵκῃ
953 785 1107 838 χρόνος
1140 781 1401 836 ἀνθρώποισι

280 857 410 911 Ζωῆς,
445 856 503 900 εἷς
535 854 664 900 ε’τέων
694 856 841 899 ἑκατὸν
873 854 971 898 δέκα
1004 854 1160 898 κύκλον
1191 853 1363 911 ὁδεύων,

280 928 483 985 Μέμνησ’,
516 928 548 970 ὦ
580 926 769 984 Ῥωμαῖε,
804 928 871 971 καὶ
903 928 951 971 οὐ
981 928 1097 984 μάλα
1128 928 1282 985 λήσεαι
1314 928 1450 973 αὐτῶν

280 1000 532 1057 Μεμνῆσθαι
565 1000 666 1044 τάδε
696 1001 849 1046 πάντα.
914 1001 1066 1044 Θεοῖσι
1097 1001 1174 1056 μὲν
1203 999 1450 1046 ἀθανάτοισι

276 1070 428 1127 Ῥέζειν
458 1073 503 1117 ἐν
534 1073 674 1134 Πεδίῳ
704 1074 818 1132 παρὰ
851 1071 1096 1130 Θύμβριδος
1126 1072 1313 1118 ἄπλετον
1342 1072 1469 1133 ὕδωρ,
1807 1095 1828 1134 5

270 1146 416 1200 ’Όππῃ
449 1147 734 1203 στεινότατον,
768 1145 862 1200 Νὺξ
891 1145 1011 1202 ἡνίκα
1041 1147 1167 1204 γαῖαν
1197 1145 1372 1202 ε’πέλθῃ,

279 1217 454 1262 Ἠελίου
486 1218 733 1276 κρύψαντας
762 1219 832 1262 ἑὸν
863 1218 990 1274 φάος·
1034 1217 1132 1261 ἔνθα
1164 1218 1219 1261 σὺ
1251 1217 1387 1276 ῥέζειν

275 1289 387 1349 Ἱερὰ
418 1295 694 1350 ποντογόνοις
725 1294 907 1349 Μοίραις
938 1291 1064 1348 ι’ίρνας
1095 1309 1143 1335 τε
1174 1292 1240 1336 καὶ
1271 1289 1403 1349 αἶγας.

282 1366 469 1410 Κυανέας
501 1363 538 1408 δ’
570 1366 640 1409 ε’πὶ
662 1363 812 1409 «ταῖσδ’
843 1362 1082 1408 Εἰλειθυίας
1113 1364 1352 1422 ἀρέσασθαι

277 1438 565 1482 Παιδοτόκους
596 1437 812 1493 θυέεσσιν,
844 1437 926 1492 ὅπῃ
960 1437 1094 1493 θέμις.
1156 1436 1260 1482 Αῧθι
1294 1437 1339 1481 δὲ
1373 1439 1472 1494 Γαίῃ
1807 1454 1854 1482 10

277 1509 533 1567 Πληθομένῃ
563 1512 712 1568 χοῖρός
743 1528 787 1553 τε
821 1509 964 1555 καὶ-ὗς
998 1511 1150 1567 ἱεροῖτο
1181 1509 1376 1565 μέλαινα.

274 1584 477 1627 Ζάλευκοι
509 1585 657 1640 ταῦροι
689 1583 734 1626 δὲ
769 1583 868 1628 Διὸς
897 1583 1011 1639 παρὰ
1043 1584 1189 1638 βωμὸν
1219 1582 1417 1640 ἀγέσθων

262 1652 445 1712 *Ηματῃ
479 1655 574 1713 μηδ’
607 1656 677 1701 ἐπὶ
708 1657 835 1700 νυκτί·
880 1656 1016 1700 θεοῖσι
1047 1656 1130 1714 γὰρ
1164 1655 1396 1712 οὐρανίοισι

267 1727 470 1786 “Ημέριος
500 1729 675 1774 πέλεται
707 1728 844 1773 θυέων
873 1731 1043 1786 τρόπος·
1085 1729 1139 1773 ὣς
1169 1728 1213 1771 δέ
1247 1729 1313 1772 καὶ
1344 1727 1478 1775 οὕτως

268 1800 455 1858 Ἱρεύειν·
499 1802 690 1859 δαμάλης
723 1801 768 1846 δὲ
799 1802 903 1857 βοὸς
936 1801 1064 1858 δέμας
1094 1801 1257 1859 ἀγλαὸν
1280 1802 1419 1861 ’Ἤρης
1803 1823 1850 1863 ¹5

272 1874 479 1930 Δεξάσθω
513 1876 607 1930 νηὸς
636 1876 754 1932 παρὰ
786 1877 876 1920 σεῦ.
940 1875 1019 1917 Καὶ
1052 1877 1207 1927 Φοῖβος
1239 1874 1476 1932 Ἀπόλλων,

263 1947 397 1992 ‘'Otr-re
429 1949 495 1992 καὶ
529 1948 706 1994 Ἠέλιος
737 1947 1021 2004 κικλήσκεται,
1055 1943 1128 1991 ἶσα
1161 1947 1351 2005 δεδέχθω

272 2019 445 2078 θύματα
478 2019 696 2078 Λητοΐδης·
738 2021 806 2065 καὶ
839 2020 1076 2077 ἀειδόμενοί
1107 2039 1151 2064 τε
1185 2023 1355 2066 Λατῖνοι

268 2095 449 2139 Παιᾶνες
479 2093 644 2151 κούροις
675 2093 856 2152 κούρῃσί
887 2094 1060 2150 τε·νηὸν
1091 2093 1229 2151 ἔχοιεν

269 2165 523 2211 Ἀθανάτων·
568 2167 698 2225 χωρὶς
730 2166 776 2210 δὲ
807 2168 928 2224 κόραι
960 2169 1092 2224 χορὸν
1123 2166 1243 2210 αὐτοὶ
1274 2166 1415 2224 ἔχοιεν
1799 2186 1850 2214 20

270 2240 348 2283 Καὶ
380 2240 513 2298 χωρὶς
543 2240 705 2284 παίδων
735 2239 871 2297 ἅρσην
900 2240 1077 2297 στάχυς,
1110 2240 1223 2283 ἀλλὰ
1254 2238 1418 2297 γονήων

269 2312 446 2373 Πάντων
478 2313 682 2368 ζωόντων,
716 2310 778 2358 οἷς
809 2311 1058 2368 ἀμφιθαλὴς
1090 2313 1152 2355 ἔτι
1185 2311 1340 2368 φύτλη.

270 2385 321 2426 Λῖ
353 2384 398 2427 δὲ
429 2385 564 2442 γάμου
599 2383 820 2443 ζεύγλαισι
854 2383 1105 2441 δεδμημένοι
1138 2386 1262 2441 ἤματι
1295 2385 1412 2442 κείνῳ

269 2457 377 2512 Pub}
402 2457 541 2514 Ἴ-Ῑρης
571 2458 686 2515 παρὰ
717 2459 864 2514 βωμὸν
896 2456 1087 2511 ἀοίδιμον
1118 2456 1346 2513 ἐδριόωσαι

269 2527 456 2587 Δαίμονα
486 2529 811 2574 λισσέσθωσαν.
868 2528 1032 2573 ’Ἅπασι
1065 2529 1109 2572 δέ
1141 2528 1308 2584 λύματα
1339 2529 1482 2573 δοῦναι
1796 2552 1844 2592 25

269 2601 496 2660 Ἀνδράσιν
527 2601 599 2658 ἠδέ
632 2602 814 2660 γυναιξί,
847 2603 1038 2658 μάλιστα
1070 2601 1114 2644 δὲ
1148 2600 1419 2660 θηλυτέρῃσι.

269 2676 429 2719 Πάντες
459 2674 496 2718 δ’
527 2675 574 2730 ἐξ
608 2673 741 2719 οἴκοιο
772 2674 1015 2732 φερέσθων,
1049 2674 1163 2718 ὅσσα
1196 2674 1375 2731 κομίζειν

267 2748 387 2792 'Em-¹1
419 2747 535 2805 θέμις
567 2748 784 2803 θνητοῖσιν
815 2747 1128 2804 άπαρχομένοις
1157 2748 1333 2802 βιότοιο,

270 2820 452 2876 Δαίμοσι
482 2821 761 2877 μειλιχίοισιν
793 2820 1008 2876 ἱλάσματα
1041 2819 1107 2862 καὶ
1137 2821 1400 2876 μακάρεσσιν

270 2892 532 2950 Οὔρανίδαις·
575 2893 628 2936 τὰ
660 2893 706 2935 δὲ
736 2892 874 2936 πάντα
904 2891 1270 2948 τεθησαυρισμένα
1301 2891 1468 2945 κείσθω,
1578 2908 1594 2917 ““
1790 2907 1840 2945 30

260 2961 410 3021 Ὀφρα
441 2982 487 3008 τε
519 2964 777 3022 θηλυτέρῃσι
808 2964 876 3008 καὶ
907 2963 1111 3020 ἀνδράσιν
1144 2963 1367 3020 ἐδριόωσιν
