2084 3380
307 118 367 179 Q.
410 119 688 168 HORATI
728 120 980 169 FLACCI

373 260 648 308 Centaurea
683 269 853 308 monet
889 276 1002 308 cum
1041 260 1262 323 Lapithis
1297 260 1398 309 rixa
1433 276 1579 324 super
1613 277 1749 310 mero

371 341 629 401 debellata,
668 351 838 390 monet
875 341 1111 390 Sithoniis
1146 358 1248 390 non
1285 341 1403 390 levis
1442 342 1645 401 Euhius,

370 438 485 471 cum
519 424 591 471 fas
627 432 775 485 atque
812 424 949 471 nefas
985 422 1160 484 exiguo
1197 424 1295 471 fine
1330 421 1592 471 libidinum
1915 443 1964 471 10

369 503 655 552 discernunt
688 503 831 552 avidi.
906 520 1008 552 non
1044 520 1136 566 ego
1172 514 1233 562 te,
1274 503 1486 552 candide
1524 505 1774 563 Bassareu,

369 585 575 634 invitum
612 584 845 647 quatiam,
884 601 977 633 nec
1013 585 1155 633 variis
1191 584 1352 633 obsita
1387 583 1644 633 frondibus

369 666 462 715 sub
497 666 666 715 divum
703 666 903 728 rapiam.
976 682 1120 714 saeva
1155 675 1269 714 tene
1305 682 1419 714 cum
1457 666 1748 729 Berecyntio

368 764 521 796 cornu
557 757 803 811 tympana,
845 764 973 811 quae
1010 747 1325 811 subsequitur
1361 763 1538 796 caecus
1575 750 1732 795 Amor
1753 747 1843 816 *sui

368 838 416 878 et
451 830 628 877 tollens
664 845 876 878 vacuum
913 831 1022 892 plus
1060 828 1214 878 nimio
1235 829 1420 898 ‘Gloria
1456 828 1687 877 verticem
1913 848 1960 887 15

366 910 630 974 arcanique
668 910 815 959 Fides
852 910 1070 974 prodiga,
1110 910 1406 974 perlucidior
1441 910 1577 959 vitro.

1068 1049 1196 1095 XIX

704 1136 900 1183 MATER
937 1151 1082 1184 saeva
1118 1134 1425 1197 Cupidinum

567 1216 940 1278 Thebanaeque
975 1215 1113 1264 iubet
1149 1232 1229 1264 me
1265 1216 1490 1264 Semelae
1525 1232 1647 1280 puer

701 1307 750 1346 et
785 1297 965 1346 lasciva
1002 1296 1226 1346 Licentia

567 1378 715 1427 finitis
751 1377 973 1427 animum
1010 1379 1217 1427 reddere
1252 1378 1515 1427 amoribus.

700 1459 794 1507 urit
831 1476 910 1508 me
947 1460 1183 1522 Glycerae
1219 1459 1350 1508 nitor
1938 1481 1960 1520 5

567 1539 872 1604 splendentis
909 1540 1052 1589 Pario
1089 1557 1332 1589 marmore
1367 1539 1567 1603 purius:

701 1621 795 1671 urit
829 1631 965 1686 grata
1000 1621 1287 1685 protervitas
1541 1620 1552 1629 '

566 1713 614 1752 et
650 1705 812 1752 vultus
848 1702 1057 1751 nimium
1093 1701 1310 1751 lubricus
1347 1702 1511 1766 aspici.

700 1784 751 1832 in
787 1801 868 1833 me
903 1793 1006 1832 tota
1042 1800 1187 1832 ruens
1222 1785 1394 1832 Venus

567 1866 785 1929 Cyprum
822 1864 1050 1924 deseruit,
1089 1882 1183 1914 nec
1218 1864 1398 1927 patitur
1433 1867 1638 1928 Scythas
1911 1885 1961 1913 10

699 1957 747 1996 et
783 1946 931 1996 versis
967 1946 1247 1996 animosum
1284 1946 1423 2008 equis

566 2030 802 2077 Parthum
839 2028 1002 2077 dicere
1039 2045 1131 2076 nec
1167 2044 1294 2091 quae
1330 2027 1452 2076 nihil
1486 2028 1709 2078 attinent.
1779 2025 1787 2030 ⁵

699 2109 780 2158 hic
815 2109 979 2158 vivum
1018 2108 1137 2157 mihi
1174 2109 1454 2172 caespitem,
1493 2109 1574 2158 hic

564 2191 817 2250 verbenas,
855 2189 1006 2253 pueri,
1044 2190 1215 2253 ponite
1250 2200 1456 2255 turaque

699 2270 820 2320 bimi
855 2287 969 2320 cum
1005 2281 1172 2335 patera
1208 2272 1360 2321 meri:
1875 2322 1881 2332 ,
1913 2292 1958 2331 ¹5

565 2361 776 2402 mactata
811 2352 974 2402 veniet
1010 2353 1166 2403 lenior
1201 2353 1373 2403 hostia.
1541 2342 2084 2498 W&

1692 2467 1767 2527 *fta

5 2493 447 2546 d&
1070 2494 1168 2539 XX

2 2546 372 2585 d
565 2579 699 2625 VILE
735 2579 929 2641 potabis
966 2580 1174 2630 modicis
1211 2580 1449 2630 Sabinum

420 2682 458 2710 ιι,
495 2679 533 2707 20
565 2658 823 2724 canthari&
863 2661 1052 2709 Graeca
1086 2662 1224 2723 quod
1259 2677 1351 2723 ego
1386 2660 1492 2722 ipse
1526 2667 1652 2723 testa
1669 2681 1747 2698 sm
1771 2663 1803 2699 s<

349 2749 493 2810 2352-ae
564 2739 821 2811 Qum
858 2741 966 2802 Leni,
1007 2742 1151 2790 datus
1186 2740 1238 2790 in
1274 2742 1465 2790 theatro
1527 2740 1612 2772 ΓΜ
1631 2725 1700 2766 m(

631 2837 745 2869 cum
781 2821 870 2870 tibi
906 2824 1117 2885 plausus,

346 2948 654 3002 e=aBDEM]
716 2962 765 3000 15
794 2950 1006 2990 extollens
1025 2952 1107 3001 δφψ
1127 2964 1135 2989 :
1162 2947 1359 2989 attollens
1378 2947 1423 2985 πῙ
1443 2946 1618 2987 Servius
1799 2946 1907 2986 XIX
1928 2960 1953 2985 2

293 3008 436 3046 iubent
454 3007 496 3045 Β
654 3017 698 3043 11
734 3011 778 3044 et
798 3005 936 3044 versis
955 3003 1030 3044 BD
1049 3017 1059 3042 t
1087 3003 1248 3042 aversis
1267 3015 1294 3042 a
1315 3016 1325 3041 t
1353 3003 1491 3041 versis
1511 3001 1605 3040 EM
1614 3017 1623 3040 z
1653 3007 1726 3040 aut
1746 3003 1878 3040 versis
1900 3002 1949 3040 L.

295 3060 467 3100 Mueller
550 3073 599 3098 12
626 3060 776 3099 attinet
795 3063 859 3111 φψ
894 3074 902 3078 ·
964 3069 1013 3108 15
1033 3070 1117 3098 om.
1137 3057 1180 3096 Β
1290 3056 1376 3095 ΧΧ
1401 3068 1419 3094 1
1452 3056 1595 3107 potavi
1620 3055 1810 3104 Vollmer,
1829 3056 1876 3104 cfi
1903 3068 1953 3095 10

295 3129 319 3167 3
341 3115 447 3154 elevi
468 3115 522 3154 3:
554 3114 664 3164 elegi
684 3113 839 3162 Porph.
