2084 3380
356 151 415 211 Q.
460 149 738 198 HORATI
777 147 1029 197 FLACCI

556 286 728 335 defluit
763 286 889 334 saxis
925 285 1133 348 agitatus
1170 300 1326 344 umor,

552 368 823 417 concidunt
860 367 992 415 venti
1029 367 1321 429 fugiuntque
1357 366 1526 424 nubes,
1963 385 2019 424 30

553 458 601 497 et
637 448 813 507 minax,
842 448 998 512 †quia
1029 447 1098 495 sic
1134 449 1345 503 voluere,
1384 456 1540 510 ponto

619 530 753 578 unda
789 527 1043 577 recumbit.

556 612 829 659 Romulum
865 617 977 672 post
1013 611 1104 657 hos
1141 608 1273 671 prius
1309 625 1372 657 an
1409 608 1633 671 quietum
1666 636 1668 638 -
1744 623 1746 625 ·

558 691 771 755 Pompili
807 706 1012 753 regnum
1048 706 1319 739 memorem
1355 706 1419 738 an
1456 690 1696 753 superbos

555 771 793 835 Tarquini
829 771 986 831 fascis,
1027 770 1216 831 dubito,
1254 787 1318 819 an
1356 770 1561 821 Catonis
1963 788 2016 828 35

622 852 790 902 nobile
826 854 993 900 letum.

555 935 804 996 Regulum
841 942 889 982 et
925 935 1133 982 Scauros
1169 933 1464 996 animaeque
1499 947 1707 996 magnae

551 1014 812 1078 prodigum
851 1016 1059 1063 Paulum
1096 1023 1357 1077 superante
1395 1017 1568 1064 Poeno

551 1105 715 1159 gratus
751 1095 929 1158 insigni
966 1097 1171 1145 referam
1208 1097 1430 1147 Camena

621 1175 1013 1239 Fabriciumque.
1959 1193 2017 1235 40
2079 1170 2081 1172 ’

553 1259 687 1306 hunc
723 1266 771 1306 et
807 1257 1074 1321 incomptis
1112 1258 1319 1308 Curium
1356 1257 1544 1321 capillis

554 1338 725 1386 utilem
762 1338 893 1387 bello
930 1338 1040 1387 tulit
1075 1347 1124 1388 et
1161 1338 1428 1389 Camillum

551 1435 695 1468 saeva
730 1427 991 1482 paupertas
1028 1428 1077 1468 et
1111 1419 1269 1469 avitus
1305 1428 1422 1484 apto

618 1517 733 1550 cum
770 1502 869 1549 lare
904 1502 1101 1550 fundus.

550 1582 723 1631 crescit
758 1584 955 1631 occulto
990 1584 1124 1631 velut
1158 1583 1303 1632 arbor
1336 1598 1460 1632 aevo
1959 1599 2014 1642 45

549 1666 680 1712 fama
716 1663 968 1724 Marcelli;
1011 1664 1160 1713 micat
1194 1665 1320 1713 inter
1354 1664 1517 1713 omnis

552 1744 735 1793 Iulium
771 1744 907 1793 sidus
943 1746 1077 1794 velut
1112 1745 1238 1794 inter
1272 1746 1397 1809 ignis

617 1827 735 1874 luna
769 1824 997 1874 minores.

548 1906 706 1970 gentis
741 1907 989 1955 humanae
1025 1915 1162 1971 pater
1195 1916 1344 1971 atque
1380 1915 1559 1967 custOS,

549 1996 654 2036 orte
690 1988 914 2046 Saturno,
951 1987 1040 2036 tibi
1076 2004 1192 2037 cura
1227 1988 1392 2051 magni
1956 2004 2014 2048 50

550 2067 772 2118 Caesaris
808 2067 919 2117 fatis
955 2069 1099 2117 data:
1141 2077 1194 2118 tu
1229 2071 1452 2119 secundo

616 2151 826 2200 Caesare
862 2165 1048 2212 regnes,

547 2229 629 2279 ille
664 2246 751 2279 seu
789 2231 996 2279 Parthos
1033 2230 1177 2279 Latio
1213 2229 1516 2280 imminentis

546 2310 696 2374 egerit
730 2310 860 2359 iusto
896 2310 1112 2360 domitos
1147 2311 1411 2374 triumpho,

545 2391 647 2441 sive
682 2391 930 2442 subiectos
968 2392 1183 2443 Orientis
1219 2408 1334 2443 orae
1951 2410 2007 2454 55

612 2474 752 2521 Seras
788 2481 838 2522 et
875 2475 1044 2534 Indos,

544 2562 593 2602 te
628 2553 789 2602 minor
807 2555 991 2603 laetum
1013 2563 1146 2618 reget
1178 2571 1367 2618 aequus
1403 2555 1605 2617 orbem3

545 2642 599 2682 tu
633 2634 765 2696 gravi
800 2651 942 2683 curru
978 2635 1169 2698 quaties
1205 2637 1490 2699 Olympum,

546 2723 599 2762 tu
636 2730 808 2776 parum
844 2715 989 2764 castis
1026 2716 1225 2766 inimica
1260 2717 1424 2766 mittes

612 2795 818 2844 fulmina
852 2797 986 2845 lucis.
1951 2807 2006 2848 60

401 2923 708 2976 u=aBDEM1
764 2938 816 2974 31
847 2925 918 2976 qui
939 2925 978 2965 Β
998 2941 1008 2965 :
1036 2927 1151 2976 quod
1173 2925 1231 2965 D¹
1344 2926 1407 2966 sic
1425 2925 1471 2977 (i.
1487 2940 1518 2966 e.
1542 2927 1668 2978 sicut)
1690 2926 1733 2966 B
1866 2941 1919 2980 35
1948 2942 2002 2969 an

348 2980 512 3020 catenis
532 2980 796 3020 nobilitatum
818 2979 1029 3029 Regulum
1050 2978 1293 3033 I-Iamachgr
1435 2981 1490 3030 36
1519 2981 1646 3020 letum
1666 2982 1741 3021 απῙ
1763 2997 1772 3021 :
1800 2983 1953 3023 lectum
1973 2984 2004 3023 8

348 3048 397 3084 41
424 3048 532 3074 nunc
547 3034 576 3074 Β
670 3034 851 3074 intonsis
872 3034 1105 3085 Quintilian
1236 3047 1288 3085 43
1307 3041 1398 3074 arto
1417 3034 1476 3075 ed.
1502 3034 1663 3074 Mediol.
1690 3049 1792 3086 1477
1947 3040 2004 3088 46

351 3088 562 3128 Marcellis
579 3088 822 3139 Peerlkamp
933 3102 980 3138 51
1005 3089 1100 3128 fatis
1119 3101 1201 3129 om.
1223 3089 1252 3128 Β
1360 3101 1410 3138 57
1432 3090 1558 3128 latum
1582 3089 1690 3139 regit
1712 3090 1742 3130 β
2043 3089 2048 3095 ”
