2084 3380
342 153 403 214 Q.
446 152 723 202 HoRATI
763 152 1014 202 FLACCI

345 321 369 380 Q

541 307 641 340 non
678 290 810 340 enim
846 292 1054 355 posthac
1087 290 1182 339 alia
1214 288 1387 355 calebo

371 364 1256 433 ffiwwfeniina-—condjscemodos,
1294 371 1508 419 amanda
1573 423 1577 427 Α
1618 392 1642 426 g
1683 409 1714 414 .-

538 470 661 502 voce
698 469 823 517 quos
859 454 1066 504 reddas:
1115 452 1399 505 minuentur
1433 459 1565 500 atrae

608 533 827 583 carmine⁴
857 550 1015 583 curae.
1502 529 1504 532 ”

1052 657 1157 704 XII

541 740 643 786 ΙΑΜ
681 737 804 787 veris
840 737 1060 799 comiteS‚
1096 754 1225 802 quae
1261 742 1394 786 mare
1429 743 1720 800 temperant,

538 820 797 883 impellunt
834 820 1027 869 animae
1063 820 1213 870 lintea
1248 818 1490 868 Thraciae
1507 836 1521 879 3

539 902 635 950 iam
673 919 766 951 nec
801 911 939 965 prata
974 902 1131 965 rigent
1167 918 1259 951 nec
1296 900 1436 950 fluvii
1467 908 1689 963 strepunt

671 982 878 1032 hiberna
914 983 1027 1032 nive
1064 983 1253 1047 turgidi.

537 1064 710 1114 nidum
746 1064 887 1127 ponit
925 1066 1038 1127 Ityn
1074 1063 1300 1114 flebiliter
1335 1079 1538 1127 gemens

538 1145 705 1194 infelix
739 1144 840 1194 avis
877 1154 926 1194 et
963 1144 1234 1210 Cecropiae
1270 1147 1449 1195 domus

535 1234 789 1275 aeternum
826 1225 1162 1290 opprobrium,
1201 1228 1338 1290 quod
1374 1227 1501 1274 male
1539 1224 1768 1274 barbaras

670 1323 838 1370 regum
875 1315 949 1356 est
985 1308 1087 1356 ulta
1123 1306 1367 1356 libidines.

536 1388 708 1437 dicunt
744 1388 794 1436 in
831 1397 1001 1438 tenero
1035 1388 1254 1452 gramine
1290 1387 1545 1453 pinguium

536 1460 768 1518 custodes
805 1468 971 1518 ovium
1009 1469 1226 1519 carmina
1262 1470 1423 1518 fistula

534 1552 881 1612 delectantque
917 1551 1068 1606 deum
1105 1549 1185 1599 cui
1220 1566 1371 1613 pecus
1408 1559 1456 1599 et
1492 1549 1614 1612 nigri

669 1632 819 1679 colles
855 1631 1098 1680 Arcadiae
1133 1632 1343 1694 placent.

534 1712 783 1761 adduxere
819 1710 950 1760 sitim
987 1721 1223 1775 tempora,
1262 1711 1477 1776 Vergili3

535 1793 623 1842 sed
659 1809 881 1856 pressum
919 1792 1122 1843 Calibus
1159 1794 1340 1843 ducere
1378 1793 1614 1843 Liberum

534 1873 574 1923 si
609 1873 770 1937 gestiS,
806 1874 1039 1924 iuvenum
1077 1873 1319 1924 nobilium
1357 1874 1523 1934 cliens,

668 1957 824 2005 nardo
860 1955 973 2004 vina
1009 1956 1272 2006 merebere.

533 2036 885 2101 nardi-parvus
922 2054 1051 2101 onyx
1087 2037 1247 2087 eliciet
1283 2039 1479 2098 cadum,

533 2118 618 2183 qui
655 2135 788 2168 nunc
824 2118 1052 2183 Sulpiciis
1088 2120 1298 2168 accubat
1319 2119 1536 2185 horreis,

532 2215 643 2263 spes
679 2201 865 2249 donare
901 2216 1054 2249 novas
1089 2201 1249 2264 largus
1286 2216 1550 2263 amaraque

666 2297 890 2330 curarum
928 2282 1090 2330 eluere
1126 2281 1308 2330 efficax.

531 2364 595 2412 ad
631 2378 758 2426 quae
794 2362 834 2411 si
869 2378 1100 2425 properas
1137 2362 1330 2426 gaudia,
1371 2379 1484 2412 cum
1523 2371 1606 2411 tua

530 2445 671 2493 velox
707 2460 869 2494 merce
905 2443 1046 2492 veni:
1100 2460 1201 2493 non
1240 2460 1332 2509 ego
1368 2452 1416 2492 te
1452 2443 1575 2492 meis

531 2524 803 2574 immunem
842 2525 1054 2574 meditor
1093 2524 1278 2588 tingere
1315 2523 1520 2587 poculis,

663 2608 810 2668 plena
845 2605 982 2655 dives
1019 2616 1072 2655 ut
1110 2606 1160 2654 in
1197 2607 1363 2656 domo.

528 2702 696 2735 verum
732 2702 864 2749 pone
900 2703 1062 2736 moras
1100 2696 1148 2735 et
1186 2686 1405 2736 studium
1436 2685 1569 2745 lueri,

529 2764 878 2829 nigrorumque
914 2783 1116 2827 memor,
1157 2767 1278 2816 dum
1315 2766 1442 2825 licet,
1480 2764 1666 2828 ignium

530 2846 682 2895 misce
718 2846 973 2895 stultitiam
1011 2847 1228 2896 consiliis
1264 2844 1492 2896 breuem:

661 2928 806 2975 dulce
842 2935 914 2975 est
951 2927 1175 2988 desipere
1211 2927 1260 2975 in
1298 2929 1422 2976 loco.

342 3106 459 3157 (-tem
490 3105 639 3159 δῑφῑψῑ)
663 3106 692 3146 Β
806 3108 854 3144 16
876 3108 1107 3148 mereberis
1128 3108 1157 3146 Β

1950 469 2077 531 351

1953 1488 2003 1518 10

1950 1894 1998 1936 15

1946 2300 1997 2329 20

1942 2706 1990 2745 25

387 3050 563 3104 u=aB]
621 3050 707 3092 XII
730 3065 754 3101 4
775 3052 940 3092 candidi
965 3049 1193 3094 Victon'nus
1302 3071 1326 3107 5
1348 3058 1433 3108 itys
1454 3057 1559 3112 πῑφψ
1684 3074 1729 3100 11
1753 3060 1991 3100 delectante
