2084 3380
295 116 356 176 Q.
399 115 676 164 HORATI
716 115 968 164 FLACCI

492 255 716 316 aequor?
786 269 888 301 non
923 252 1013 301 tibi
1049 261 1163 301 sunt
1198 251 1384 314 integra
1420 251 1584 311 lintea,

493 350 595 383 non
631 334 683 383 di
718 349 844 397 quos
879 334 1055 382 iterum
1091 348 1258 397 pressa
1292 348 1438 399 voces
1476 334 1618 382 malo.
1906 352 1952 379 ιο

628 416 851 479 quamvis
890 415 1095 464 Pontica
1131 414 1290 478 pinus,

695 497 845 545 silvae
881 497 980 545 filia
1017 495 1211 555 nobilis,

492 593 644 642 iactes
680 602 728 642 et
763 608 918 656 genus
955 602 1004 641 et
1039 608 1223 641 nomen
1260 592 1447 652 inutile,

491 675 560 723 nil
595 674 738 738 pictis
775 674 977 724 timidus
1013 674 1178 723 navita
1213 675 1462 739 puppibus

623 756 743 806 fidit.
817 765 883 816 tu,
923 756 1017 804 nisi
1052 756 1210 805 ventis
1905 777 1953 818 15

690 837 845 887 debes
879 837 1160 896 ludibrium,
1201 854 1331 887 cave.

490 948 645 994 nuper
680 931 944 981 sollicitum
980 949 1108 995 quae
1143 932 1265 980 mihi
1301 932 1535 992 taedium,

489 1029 623 1061 nunc
658 1012 959 1062 desiderium
995 1029 1210 1077 curaque
1246 1029 1347 1063 non
1383 1013 1517 1074 levis,

627 1094 861 1143 interfusa
896 1093 1096 1142 nitentis

689 1174 811 1223 vites
846 1191 1063 1238 aequora
1099 1176 1353 1238 Cycladas.
1903 1197 1954 1226 20

1070 1409 1167 1455 XV

490 1519 696 1566 PASTOR
733 1529 849 1565 cum
884 1517 1095 1565 traheret
1130 1532 1217 1579 per
1251 1518 1372 1565 freta
1408 1516 1617 1567 navibus

489 1597 653 1647 Idaeis
691 1599 923 1646 Helenen
960 1598 1177 1659 perfidus
1213 1597 1475 1661 hospitam,

486 1679 674 1741 ingrato
710 1680 878 1728 celeris
917 1678 1080 1727 obruit
1115 1678 1218 1727 otio

619 1768 806 1819 ventos,
846 1768 900 1808 ut
934 1768 1131 1809 caneret
1166 1761 1268 1809 fera

486 1857 677 1904 Nereus
713 1857 839 1904 fata:
889 1857 1017 1903 mala
1052 1854 1193 1904 ducis
1229 1855 1306 1904 avi
1342 1857 1564 1916 domum,
1924 1877 1946 1917 5

485 1953 635 1999 quam
672 1938 828 1985 multo
865 1945 1051 2000 repetet
1089 1937 1295 1986 Graecia
1331 1937 1497 1998 milite,

487 2017 740 2067 coniurata
775 2027 882 2066 tuas
919 2034 1146 2081 rumpere
1182 2018 1377 2082 nuptias

619 2108 667 2147 et
703 2116 907 2162 regnum
946 2098 1125 2147 Priami
1162 2108 1315 2148 vetus.

486 2195 584 2242 heu
620 2196 731 2254 heu,
772 2203 987 2257 quantus
1024 2193 1177 2257 equis,
1217 2203 1432 2257 quantus
1468 2197 1609 2245 adest
1643 2195 1757 2244 viris

483 2276 662 2324 sudor!
711 2284 896 2339 quanta
932 2292 1102 2325 moves
1138 2277 1309 2325 funera
1347 2277 1609 2326 Dardanae
1896 2297 1946 2325 10

483 2356 645 2418 genti!
693 2356 791 2405 iam
826 2359 1019 2421 galeam
1057 2359 1217 2406 Pallas
1253 2366 1302 2406 et
1337 2357 1511 2420 aegida

617 2453 886 2502 currusque
924 2447 972 2487 et
1010 2438 1196 2488 rabiem
1232 2448 1382 2502 parat.

483 2533 786 2596 nequiquam
822 2534 1029 2583 Veneris
1065 2534 1311 2596 praesidio
1347 2537 1483 2584 ferox

483 2622 651 2675 pectes
687 2614 949 2664 caesariem
987 2624 1221 2678 grataque
1256 2615 1452 2664 feminis

482 2693 670 2743 imbelli
705 2694 891 2743 cithara
925 2695 1143 2743 carmina
1177 2694 1382 2755 divides,
1893 2718 1941 2758 15

615 2774 917 2838 nequiquam
953 2777 1170 2825 thalamo
1205 2775 1362 2838 gravis

338 2906 367 2931 α
384 2891 645 2946 ταΒΒΕΜ]
707 2908 755 2944 13
778 2910 913 2946 genus
934 2910 1091 2938 nomen
1112 2898 1156 2936 D
1320 2900 1402 2939 XV
1421 2913 1445 2950 5
1479 2900 1645 2942 Nereos
1665 2903 1702 2942 δ1
1721 2918 1730 2943 :
1762 2903 1943 2946 Proteus

282 2946 434 3001 Porph.
456 2948 702 2992 Lactantius
720 2950 921 2992 Placidus
1028 2966 1055 3005 9
1074 2954 1158 2991 heu
1179 2954 1261 2993 heu
1281 2967 1310 2994 α
1331 2969 1340 2994 :
1371 2956 1480 2996 eheu
1499 2956 1529 2997 Β
