2084 3380
294 142 355 202 Q.
398 140 674 189 HORATI
714 139 964 188 FLACCI

495 279 630 343 quidv
652 278 785 327 brevi
821 280 968 327 fortes
1003 275 1271 326 iaculamur
1304 292 1428 325 aevo

497 361 687 409 multa?
733 358 854 422 quid
890 367 1038 407 terras
1073 357 1171 406 alio
1207 356 1410 406 calentis

498 443 601 490 sole
637 442 921 489 mutamus?
966 438 1150 502 patriae
1186 437 1295 501 quis
1331 439 1467 487 exsul

565 538 617 571 se
653 536 852 584 quoque
887 519 1045 582 fugit?
1905 538 1955 566 20

499 602 689 652 scandit
724 609 910 651 aeratas
945 599 1119 649 vitiosa
1154 598 1291 648 navis

497 686 628 734 Cura
662 699 755 732 nec
791 692 973 731 turmas
1009 680 1232 744 equitum
1268 679 1511 744 relinquit,

498 765 632 815 ocior
667 760 820 814 'cervis
856 772 905 812 et
939 772 1114 827 agente
1149 761 1346 811 nimbos

563 845 697 895 ocior
734 847 881 894 Euro.

498 930 653 976 laetus
687 926 739 974 in
774 941 1004 990 praesens
1039 924 1232 974 animus
1269 925 1405 987 quod
1440 924 1564 973 ultra
1597 931 1672 973 est
1905 941 1955 982 25

499 1006 657 1057 oderit
692 1023 860 1056 curare
896 1016 943 1055 et
978 1022 1143 1055 amara
1178 1007 1313 1055 lento

499 1097 737 1152 temperet
772 1086 870 1135 risu
888 1105 900 1147 3
947 1086 1068 1135 nihil
1104 1094 1176 1135 est
1211 1086 1275 1134 ab
1311 1084 1447 1133 omni

565 1178 701 1232 parte
735 1169 950 1217 beatum.

497 1249 698 1298 abstulit
733 1251 918 1297 clarum
955 1247 1051 1296 cita
1087 1264 1218 1296 mors
1254 1247 1515 1307 Achillem,

497 1334 644 1394 longa
680 1329 955 1378 Tithonum
992 1327 1168 1377 minuit
1205 1338 1445 1388 senectus,
1905 1346 1960 1388 30

499 1422 547 1461 et
583 1411 703 1459 mihi
739 1413 916 1470 forsan,
955 1410 1044 1459 tibi
1081 1412 1216 1474 quod
1252 1410 1451 1474 negarit,

566 1491 777 1556 porriget
813 1493 944 1539 hora.

499 1583 547 1623 te
582 1590 749 1636 greges
786 1581 985 1621 centum
1023 1571 1313 1635 Siculaeque
1348 1571 1532 1619 circum

499 1654 723 1718 mugiunt
758 1670 949 1712 vaccae,
988 1653 1077 1701 tibi
1113 1652 1238 1702 tollit
1274 1651 1520 1702 hinnitum

498 1746 611 1799 apta
647 1734 894 1799 quadrigis
931 1751 1070 1797 equa,
1110 1743 1157 1784 te
1194 1733 1268 1783 bis
1305 1736 1425 1782 Afro
1908 1750 1958 1794 35

568 1816 751 1865 murice
788 1815 968 1864 tinctae

500 1898 713 1947 vestiunt
748 1899 918 1946 lanae:
967 1896 1087 1945 mihi
1124 1912 1271 1960 parva
1306 1912 1414 1945 rura
1451 1906 1498 1946 et

447 1981 450 1983 ’
500 1978 720 2042 spiritum
758 1978 932 2027 Graiae
969 1987 1167 2028 tenuem
1206 1979 1455 2028 Camenae

503 2063 654 2109 Parca
689 2075 791 2108 non
828 2061 1041 2108 mendax
1077 2059 1215 2109 dedit
1251 2069 1298 2108 et
1335 2058 1603 2122 malignum
1635 2100 1637 2103 .

567 2157 794 2204 spernere
829 2142 1013 2203 vulgus.
1904 2160 1960 2200 40

1037 2270 1190 2317 XVII

503 2352 617 2400 CVR
655 2367 733 2399 me
770 2349 977 2414 querelis
1015 2349 1262 2398 exanimas
1298 2348 1431 2399 tuis?

502 2448 593 2480 nec
630 2431 706 2480 dis
741 2431 955 2480 amicum
992 2440 1066 2480 est
1101 2447 1193 2480 nec
1229 2431 1349 2479 mihi
1385 2440 1434 2480 te
1468 2429 1602 2494 prius

570 2512 719 2571 obire,
762 2515 1041 2572 Maecenas,
1081 2529 1299 2561 mearum

636 2595 819 2656 grande
855 2595 1006 2643 decus
1042 2595 1372 2657 columenque
1407 2609 1580 2642 rerum.

502 2678 559 2722 a!
608 2684 655 2722 te
691 2690 830 2723 meae
866 2674 905 2722 si
940 2683 1127 2737 partem
1164 2674 1358 2723 animae
1392 2673 1516 2737 rapit
1934 2692 1959 2735 5

505 2754 736 2803 maturior
771 2754 855 2814 vis,
896 2754 1015 2817 quid
1053 2771 1215 2803 moror
1251 2756 1414 2813 altera,

572 2852 663 2884 nec
699 2852 838 2884 carus
874 2852 1031 2899 aeque
1068 2852 1159 2884 nec
1197 2844 1438 2899 superstes

641 2917 861 2978 integer?
907 2915 988 2964 ille
1022 2915 1129 2965 dies
1165 2925 1423 2981 utramque

355 3049 386 3076 α
399 3036 669 3089 :aBDEM]
728 3051 776 3089 31
800 3038 933 3080 forset
957 3039 1115 3093 (forsan
1136 3039 1192 3095 62)
1208 3040 1239 3082 Β
1350 3056 1405 3093 40
1423 3043 1563 3084 voltus
1583 3042 1670 3085 δῖπῙ
1790 3045 1915 3087 XVII
1940 3061 1960 3089 1

302 3092 492 3142 exagitas
517 3091 747 3133 Victorinus
