2084 3380
1015 146 1409 199 CARMINVM
1447 152 1660 200 LIBER
1697 152 1780 200 III

323 297 483 338 narrat
517 305 675 352 paene
710 289 882 338 datum
920 290 1067 337 Pelea
1100 289 1319 347 Tartaro,

325 371 639 433 Magnessam
675 368 984 434 Hippolyten
1020 370 1142 418 dum
1177 368 1299 432 fugit
1333 367 1616 430 abstinen33

456 460 506 499 et
540 467 744 514 peccare
779 449 1004 500 docentis

524 533 667 580 fallax
703 531 928 580 historias
966 541 1147 581 monet.
1735 551 1785 581 20

322 627 522 675 frustra:
570 643 686 675 nam
722 626 936 691 scopulis
971 626 1162 677 surdior
1198 626 1324 677 Icari

321 723 467 756 voces
502 706 639 757 audit
675 698 840 757 adhuc
875 707 1073 771 integer.
1145 717 1196 757 at
1232 707 1321 757 tibi

456 805 519 836 ne
553 786 742 837 vicinus
782 787 1002 853 Enipeus

521 870 630 932 plus
666 868 796 918 iusto
830 871 1022 933 placeat
1056 887 1174 919 cave
1196 888 1210 930 3

319 963 542 1027 quamvis
577 981 679 1012 non
713 963 836 1014 alius
872 966 1068 1015 flectere
1103 982 1287 1029 equum
1323 963 1482 1015 sciens
1731 984 1751 1012 2
1761 985 1782 1024 5

318 1061 476 1108 aeque
510 1044 810 1110 conspicitur
843 1045 1061 1109 gramine
1099 1045 1295 1115 Martio,

453 1143 546 1175 nec
582 1126 843 1191 quisquam
879 1127 1005 1177 citus
1039 1145 1197 1192 aeque

523 1208 690 1257 Tusco
726 1210 927 1258 denatat
961 1211 1116 1258 alveo.

321 1300 478 1365 prima
511 1311 659 1352 nocte
695 1304 902 1352 domum
938 1305 1114 1354 claude
1150 1320 1313 1367 neque
1349 1302 1401 1351 in
1437 1301 1539 1352 vias

318 1383 412 1432 sub
446 1393 594 1433 cantu
629 1386 860 1449 querulae
895 1384 1095 1448 despice
1130 1383 1294 1444 tibiae,
1728 1403 1782 1443 30

452 1473 502 1513 et
536 1474 584 1514 te
619 1481 766 1528 saepe
800 1464 998 1515 vocanti

521 1546 695 1595 duram
732 1544 942 1596 difficilis
977 1562 1136 1595 mane.

878 1774 1013 1821 VIII

319 1875 550 1924 MARTns
586 1874 780 1924 caelebs
817 1874 938 1938 quid
973 1890 1116 1938 agam
1155 1871 1409 1932 KalendiS,

315 1955 438 2020 quid
472 1955 623 2006 velint
658 1957 801 2006 flores
837 1965 886 2005 et
919 1972 1086 2005 acerra
1120 1954 1239 2004 turis

315 2037 463 2100 plena
497 2036 683 2086 miraris
718 2035 1007 2101 positusque
1042 2036 1192 2086 carbo
1227 2035 1278 2084 in

383 2117 597 2181 caespite
632 2117 758 2178 vivo,

314 2197 462 2247 docte
497 2215 748 2248 sermones
784 2197 1037 2262 utriusque
1072 2196 1267 2262 linguae
1282 2199 1305 2246 i·
1753 2215 1777 2255 5

314 2294 544 2328 voveram
578 2279 738 2330 dulcis
772 2281 943 2344 epulas
979 2287 1028 2328 et
1061 2277 1230 2327 album

317 2358 498 2408 Libero
532 2377 734 2424 caprum
769 2377 923 2424 prope
958 2361 1208 2409 funeratus

382 2438 567 2490 arboris
603 2440 717 2491 ictu.

316 2534 397 2583 hic
431 2534 538 2585 dies
573 2553 706 2585 anno
741 2537 979 2586 redeunte
1014 2538 1165 2585 festus

315 2615 548 2666 corticem
583 2616 872 2667 adstrictum
906 2616 1017 2681 pice
1051 2615 1324 2667 dimovebit
1730 2636 1777 2664 10

314 2698 581 2761 amphorae
616 2699 808 2747 fumum
843 2697 1013 2748 bibere
1047 2697 1296 2747 institutae

382 2780 586 2827 consule
621 2781 781 2828 Tullo.

39 2952 43 2954 ,
164 2908 438 2961 αεαΒΕΜ]
495 2923 548 2949 20
567 2916 706 2949 movet
725 2912 785 2960 φψ
910 2923 960 2948 22
990 2912 1107 2950 audit
1127 2925 1210 2951 om.
1233 2912 1262 2952 Β
1385 2927 1435 2962 23
1459 2927 1536 2954 nec
1555 2915 1606 2952 δπ
1721 2918 1773 2954 26

15 2963 37 3003 s
117 2975 254 3016 neque
274 2964 317 3003 a¹
353 2994 358 2998 -
429 2977 483 3014 3ο
500 2971 667 3004 cantum
690 2966 738 3002 δπ
875 2964 979 3003 VIII
1002 2978 1027 3014 3
1047 2966 1090 3004 in
1110 2980 1192 3005 om.
1215 2965 1324 3005 ‹1352
1435 2978 1459 3016 5
1488 2981 1710 3009 sermones
1729 2970 1773 3008 α2

116 3017 334 3059 Donatus:
363 3019 576 3058 sermonis
593 3017 653 3058 αΒ

158 3082 286 3105 ΗΟΚΑἸΙ
309 3082 413 3105 CARM.
