2084 3380
660 143 1219 193 INTRODUCTION
1255 143 1349 192 TO
1385 143 1535 191 THE

454 417 499 460 A
506 405 670 460 ccoant
687 417 751 473 -of
767 416 842 460 tlte
871 416 910 460 C
909 416 1157 459 eremonies
1167 416 1304 472 from
1334 415 1554 458 Zosimus
1586 414 1646 472 (2.
1682 417 1741 472 5).

288 547 488 589 Τοιοῦτος
523 545 571 588 δέ
604 563 666 589 τις
702 548 724 587 ὁ
757 548 914 603 τρόπος
946 543 1260 602 ἀναγέγραπται
1302 547 1377 600 τῆς
1418 545 1580 601 ἑορτῆς.
1657 546 1899 603 Περιῖόντες
1933 546 1975 590 οἱ
2059 502 2082 581 ξ

229 616 404 675 κήρυκες
425 619 481 663 εἷς
501 618 575 674 τὴν
596 617 744 676 ἑορτὴν
762 617 951 662 συνιέναι
966 618 1124 661 πάντας
1144 616 1340 660 ἐκέλευον
1361 615 1431 660 ε’πὶ
1452 615 1565 672 θέαν,
1582 615 1632 672 ἣν
1651 619 1747 661 οὔτε
1767 605 1976 676 πρότερον
2062 654 2069 670 ,

228 684 355 745 εἶδον,
378 692 477 734 οὔτε
503 690 610 747 μετὰ
637 692 771 734 ταῦτα
803 690 1027 735 θεάσονται
1039 687 1069 733 ¹.
1132 689 1250 732 Κατὰ
1275 688 1320 731 δὲ
1352 689 1428 745 τὴν
1456 689 1570 746 ὥραν
1599 692 1675 734 τοῦ
1706 689 1871 747 θέρους,
1891 691 1975 748 πρὸ

227 761 393 820 ἡμερῶν
408 762 566 821 ὀλίγων
580 765 656 807 τοῦ
671 763 747 819 τὴν
762 761 940 821 θεωρίαν
955 761 1150 819 ἀχθῆναι,
1169 761 1214 804 ἐν
1229 764 1290 820 τῷ
1305 761 1566 819 Καπετωλίῳ
1588 761 1655 805 καὶ
1677 761 1723 807 έν
1743 764 1804 822 τῷ
1820 761 1900 820 νεῷ
1914 762 1974 821 τῷ

227 835 334 880 κατὰ
347 837 397 879 τὸ
409 837 630 880 Παλάτιον
648 836 688 878 οἷ
704 835 933 880 δεκαπέντε
946 833 1097 892 ἄνδρες
1115 833 1188 879 ἐπὶ
1209 833 1402 892 βήματος
1422 832 1647 891 καθήμενοι
1667 838 1728 893 τῷ
1746 835 1864 895 δήμῳ
1885 835 1974 879 δια·
1987 847 2009 888 5

228 911 403 965 νέμουσι
419 908 474 952 τὰ
491 907 702 964 καθάρσια
716 905 753 932 ²·
785 910 917 952 ταῦτα
933 907 980 951 δέ
997 907 1092 950 ε’στι
1114 906 1239 964 δᾷδες
1256 907 1322 951 καὶ
1339 906 1452 952 θεῖον
1469 906 1535 950 καὶ
1550 906 1794 964 ἄσφαλτος·
1827 907 1976 953 δοῦλοι

227 980 274 1025 δὲ
309 979 470 1025 τούτων
506 981 555 1024 οὗ
593 981 865 1038 μετέχουσιν,
897 979 1013 1024 ἀλλὰ
1043 979 1263 1037 ἐλεύθεροι
1298 980 1433 1036 μόνοι.
1503 979 1785 1025 Συνελθόντος
1817 979 1862 1024 δὲ
1898 984 1974 1025 τοῦ
2059 988 2067 1018 1

226 1053 359 1111 δήμου
379 1054 536 1098 παντὸς
555 1055 601 1098 ἕν
620 1072 665 1098 τε
686 1055 775 1098 τοῖς
795 1051 963 1109 ῥηθεῖσι
984 1056 1130 1098 τόποις
1151 1054 1218 1097 καὶ
1240 1053 1285 1096 ἐν
1303 1058 1363 1112 τῷ
1385 1055 1482 1112 ἱερῷ
1502 1054 1575 1108 τῆς
1595 1054 1861 1111 Ἀρτέμιδος,
1885 1052 1908 1097 ὃ
1928 1053 1975 1098 ἐν
2059 1055 2064 1060 ’

224 1127 284 1186 τῷ
315 1125 564 1185 Ἀουεντίνῳ
603 1127 733 1184 λόφῳ
771 1126 1030 1183 καθίδρυται,
1066 1127 1190 1169 σῖτον
1231 1127 1297 1169 καὶ
1339 1125 1485 1182 κριθὴν
1520 1123 1700 1171 ἕκαστος
1739 1127 1866 1184 φέρει
1905 1127 1973 1172 καὶ

225 1200 380 1257 κύαμον
393 1199 425 1244 ³.
485 1199 566 1242 Καὶ
585 1201 676 1244 ταῖς
697 1198 878 1255 Μοίραις
898 1197 1052 1257 ἄγουσι
1079 1198 1339 1255 παννυχίδας
1359 1198 1464 1255 μετὰ
1485 1199 1744 1254 σεμνότητος
1763 1199 1812 1243 ἐν
1835 1198 1974 1257 (ε’ννέα
1989 1215 2037 1243 10

227 1269 415 1329 Heyne)
437 1269 568 1327 νυξίν.
626 1267 886 1316 Ἐνστάντος
907 1270 953 1314 δὲ
974 1274 1051 1315 τοῦ
1067 1275 1223 1328 χρόνου
1237 1271 1312 1325 τῆς
1326 1271 1488 1328 ἑορτῆς,
1502 1268 1558 1326 ’ἣν
1577 1270 1624 1314 ἐν
1643 1270 1786 1328 τρισὶν
1801 1270 1974 1329 ἡμέρως

224 1344 269 1389 ἐν
298 1347 358 1404 τῷ
387 1348 464 1389 τοῦ
489 1345 651 1403 Ἀρεως
681 1345 928 1389 ἐπιτελοῦσι
958 1343 1107 1404 πεδίῳ,
1138 1342 1206 1386 καὶ
1235 1344 1328 1388 ταῖς
1358 1341 1476 1389 ’ίσαις
1502 1343 1609 1400 zeugi,
1642 1342 1889 1402 καθιεροῦτο
1919 1346 1973 1388 τὰ

223 1417 457 1474 τελούμενα
486 1418 603 1474 παρὰ
632 1418 709 1474 τὴν
739 1416 873 1474 ὄχθην
911 1420 987 1461 τοῦ
1020 1415 1269 1473 Θύμβριδος
1298 1417 1345 1460 ἐν
1374 1417 1433 1476 τῷ
1462 1416 1654 1474 Τάραντι.
1729 1414 1893 1460 Θύουσι
1925 1416 1971 1459 δὲ

223 1490 350 1545 θεοῖς,
373 1488 447 1534 Διῒ
462 1491 531 1533 καὶ
543 1490 663 1547 “Hpq
683 1490 750 1533 καὶ
769 1487 1015 1534 Ἀπόλλωνι
1038 1489 1104 1532 καὶ
1125 1491 1259 1545 Λητοῖ
1285 1489 1354 1531 καὶ
1372 1486 1607 1546 Ἀρτέμιδι,
1632 1488 1701 1534 καὶ
1719 1489 1901 1547 προσέτι
1922 1507 1972 1548 γε

224 1563 402 1620 Μοίραις
431 1562 498 1606 καὶ
528 1561 785 1606 Εἶλειθυίαις
814 1563 883 1606 καὶ
915 1562 1101 1619 Δήμητρι
1142 1562 1210 1605 καὶ
1233 1560 1360 1616 ’Άιδῃ
1393 1562 1460 1605 καὶ
1490 1563 1767 1619 Περσεφόνῃ.
1827 1565 1886 1617 Τῇ
1924 1563 2002 1608 δὲῐ
2011 1581 2032 1621 5

222 1636 367 1692 πρώτῃ
400 1638 484 1679 τῶν
520 1635 703 1691 θεωριῶν
737 1633 852 1677 νυκτὶ
884 1634 1080 1690 δευτέρας
1113 1635 1223 1692 ὥρας
1260 1636 1283 1677 ὁ
1318 1634 1588 1692 αὐτοκράτωρ
1621 1633 1693 1678 ε’πὶ
1728 1634 1803 1689 τὴν
1836 1634 1969 1692 ὄχθην

220 1708 296 1748 τοῦ
323 1709 515 1763 ποταμοῦ
543 1709 669 1764 τριῶν
692 1704 1129 1763 παρασκευασθέντων
1154 1709 1312 1762 βωμῶν
1341 1708 1455 1763 τρεῖς
1483 1706 1611 1762 ἄρνας
1636 1705 1726 1750 θύει
1755 1708 1858 1763 μετὰ
1886 1711 1971 1751 τῶν

222 1777 448 1823 δεκαπέντε
487 1777 652 1836 ἀνδρῶν
691 1779 758 1822 καὶ
797 1778 898 1823 τοὺς
936 1779 1107 1835 βωμοὺς
1147 1777 1410 1834 καθαιμάξας
1443 1781 1670 1824 ὁλοκαυτοῖ
1703 1780 1756 1823 τὰ
1791 1779 1968 1837 θύματα.
2049 1820 2068 1848 ἃ,

223 1851 651 1917 Κατασκευασθείσης
673 1851 719 1894 δὲ
739 1852 892 1908 σκηνῆς
915 1851 1031 1906 δίκην
1051 1849 1229 1908 θεάτρου
1263 1852 1387 1908 φῶτα
1415 1850 1643 1896 άνάπτεται
1663 1852 1730 1896 καὶ
1749 1854 1878 1910 πυρά,
1900 1854 1968 1897 καὶ
2047 1870 2066 1916 ᾗ

218 1919 345 1975 ὕμνος
364 1920 509 1981 ᾅδεται
532 1925 683 1968 νεωστὶ
706 1924 995 1979 πεποιημένος,
1020 1923 1189 1980 θεωρίαι
1218 1942 1264 1968 τε
1293 1926 1559 1982 ἱεροπρεπεῖς
1585 1926 1772 1983 ἄγονται.
1836 1929 1966 1983 Κομί-
1982 1943 2032 1972 20
2059 1923 2074 1954 '3

220 1996 359 2049 ζονται
392 1995 438 2039 δὲ
466 2000 507 2039 οἷ
532 1999 663 2040 ταῦτα
689 2000 908 2041 ποιοῦντες
936 1996 1092 2054 μισθὸν
1117 1996 1193 2041 τὰς
1221 1995 1416 2055 ἀπαρχὰς
1443 2000 1527 2041 τῶν
1548 2002 1731 2055 καρπῶν,
1755 2000 1878 2042 σίτου
1901 1999 1967 2043 καὶ

218 2069 362 2125 κριθῆς
385 2070 453 2113 καὶ
482 2069 662 2126 κυάμων·
693 2068 814 2113 αὗται
842 2070 940 2128 γάρ,
962 2069 1018 2113 ὣς
1041 2067 1203 2126 εἴρηταί
1232 2085 1319 2126 μοι,
1348 2069 1415 2113 καὶ
1442 2075 1501 2128 τῷ
1524 2069 1640 2127 δήμῳ
1670 2070 1798 2114 παντὶ
1826 2070 1964 2115 διανέ-

217 2159 380 2197 μονται.
438 2145 499 2198 Τῇ
520 2142 565 2186 δὲ
581 2144 686 2199 μετὰ
707 2141 861 2199 ταύτην
882 2140 1014 2200 ἡμέρᾳ
1035 2141 1093 2186 εἷς
1114 2142 1162 2184 τὸ
1184 2143 1460 2186 Καπετώλιον
1492 2141 1723 2197 ἀναβάντες
1755 2142 1964 2188 κάνταῦθα

216 2216 292 2259 τὰς
322 2218 620 2272 νενομισμένας
651 2215 801 2259 θυσίας
829 2215 1194 2273 προσαγαγόντες,
1226 2213 1420 2259 ἐντεῦθέν
1451 2233 1496 2258 τε
1527 2214 1596 2258 ἐπὶ
1627 2216 1676 2260 τὸ
1708 2233 1963 2262 κατεσκευα-

216 2287 375 2342 σμένον
395 2287 574 2346 θέατρον
594 2287 789 2332 ἐλθόντες
811 2289 884 2333 τὰς
905 2286 1079 2345 θεωρίας
1095 2287 1368 2331 ἐπιτελοῦσιν
1382 2286 1626 2332 Ἀπόλλωνι
1647 2289 1714 2331 καὶ
1731 2285 1959 2346 Ἀρτέμιδι·
1978 2304 2025 2344 25

216 2365 276 2416 Τῇ
296 2361 341 2404 δὲ
363 2362 468 2417 μετὰ
490 2359 645 2417 ταύτην
664 2360 796 2418 ἡμέρᾳ
818 2362 1007 2419 γυναῖκες
1025 2359 1225 2417 ε’πίσημοι
1248 2361 1351 2404 κατὰ
1379 2360 1454 2416 τὴν
1484 2362 1612 2418 ὥραν,
1637 2360 1686 2416 ἢν
1719 2363 1742 2404 ὁ
1766 2363 1963 2420 χρησμὸς

216 2433 518 2491 ὑπηγόρευσεν,
554 2434 612 2478 εἷς
648 2434 695 2477 τὸ
728 2435 1003 2478 Καπετώλιον
1033 2432 1324 2478 συνελθοῦσαι
1355 2432 1626 2478 λιτανεύουσι
1659 2434 1733 2478 τὸν
1767 2433 1865 2478 θεὸν
1896 2435 1962 2479 καὶ

215 2505 418 2562 ὑμνοῦσιν
438 2507 493 2550 ὡς
515 2507 644 2562 θέμις.
705 2504 870 2564 Ἡμέρᾳ
892 2507 937 2550 δὲ
957 2507 1077 2564 τρίτῃ
1098 2507 1143 2551 ἐν
1163 2510 1222 2565 τῷ
1243 2506 1349 2550 κατὰ
1375 2507 1424 2550 τὸ
1446 2508 1663 2550 Παλάτιον
1684 2507 1961 2554 Ἀπόλλωνος

216 2579 313 2637 ἱερῷ
344 2579 433 2635 τρὶς
468 2579 587 2623 ε’ννέα
625 2580 771 2624 παῖδες
806 2579 1026 2636 ἐπιφανεῖς
1066 2579 1171 2634 μετὰ
1206 2578 1426 2636 παρθένων
1458 2576 1686 2631 τοσούτων,
1727 2578 1767 2623 οἳ
1806 2572 1959 2626 πάντες

214 2651 481 2708 ἀμφιθαλεῖς,
503 2650 607 2707 ὅπερ
632 2649 767 2706 ἐστίν,
789 2651 1059 2709 ἀμφοτέρους
1077 2651 1174 2696 τοὺς
1195 2653 1333 2709 γονεῖς
1353 2653 1526 2708 ἔχοντες
1544 2654 1780 2707 περιόντας,
1803 2650 1957 2709 ὕμνους
1971 2669 2022 2707 30

2030 2753 2058 2764 <a

268 2806 281 2831 ¹
313 2806 415 2846 This.
435 2808 467 2847 is
493 2805 666 2857 literally
687 2806 790 2846 from
815 2807 883 2847 the
911 2806 1162 2859 inscription,
1185 2805 1221 2843 if
1239 2805 1270 2847 it
1299 2807 1349 2846 be
1377 2805 1528 2859 rightly
1549 2806 1794 2859 completed,
1819 2808 1954 2860 ‘quod

212 2861 284 2901 tali
304 2861 539 2914 spectaculo
562 2860 703 2912 [nemo
723 2860 867 2900 iterum
887 2859 1088 2911 intersit].'

265 2916 280 2937 ²
311 2916 359 2955 In
376 2915 445 2955 the
466 2915 586 2955 inser.
607 2917 618 2936 ‘
638 2919 906 2966 purgamenta
923 2913 933 2932 ’
952 2915 1032 2954 and
1056 2917 1066 2937 ‘
1084 2913 1334 2956 suffimenta.’

268 2969 282 2992 ³
313 2970 390 3021 cp.
413 2969 557 3022 Sibyll.
580 2982 616 3008 v.
642 2976 705 3019 27.
