2084 3380
287 116 680 165 CARMINVM
719 118 934 165 LIBER
971 118 1023 164 II

120 216 390 327 Wffis
487 262 535 302 te
571 253 693 303 vidit
729 253 1179 332 QCerberus
1213 269 1363 301 aureo

377 429 381 437 ›

292 443 305 453 x
375 441 381 452 ν

276 432 287 493 ε
325 456 394 496 {241

391 433 398 455 Ι

334 2807 363 2834 α
374 2813 407 2827 ---
419 2789 644 2843 aBDEM]
702 2789 788 2829 XX
812 2802 828 2829 1
859 2790 1025 2829 visitata
1043 2787 1180 2841 Bergk
1198 2786 1390 2827 Eckstein

487 350 639 384 cornu
676 335 911 383 decorum
946 333 1128 399 Leniter
1161 342 1373 382 atterens
1404 304 1568 460 χξιῖᾘ

553 417 763 477 caudam
801 423 850 463 et
885 413 1159 463 recedentis
1195 412 1409 476 trilingui

622 512 704 544 ore
740 496 892 558 pedes
930 494 1184 569 thUss
1219 509 1369 542 crura.
1388 473 1599 544 «Ζωθυᾶ

1002 644 1099 690 XX
1261 577 1393 691 ²7⁹·

486 731 610 780 NON
646 733 823 781 usitata
857 746 949 779 nec
986 729 1122 779 tenui
1157 731 1279 779 ferar

488 829 653 875 penna
687 811 909 862 biformis
946 827 1031 875 per
1066 810 1308 874 liquidum
1346 811 1545 859 aethera

554 901 703 952 vates,
741 909 904 956 neque
940 892 991 940 in
1028 891 1165 941 terris
1201 891 1429 940 morabor
1489 907 1491 909 ·

618 973 825 1037 longius,
860 972 1145 1036 invidiaque
1179 971 1334 1021 maior

485 1066 618 1117 urbis
653 1067 939 1131 relinquam.
1013 1083 1115 1116 non
1150 1083 1242 1130 ego
1276 1082 1547 1130 pauperum

487 1148 683 1212 sanguis
719 1157 994 1212 parentum,
1032 1165 1136 1197 non
1172 1163 1264 1210 ego
1300 1163 1450 1210 quem
1485 1161 1646 1202 vocas

554 1228 732 1278 dilecte
771 1231 1051 1288 Maecenas,
1092 1227 1245 1278 obibo

621 1327 713 1359 nec
749 1309 914 1374 Stygia
950 1309 1221 1359 cohibebor
1255 1309 1402 1358 unda.

486 1403 583 1453 iam
621 1403 974 1454 iam‘residunt
1010 1403 1231 1452 cruribus
1265 1418 1466 1466 asperae

485 1485 651 1547 pelles,
691 1492 739 1532 et
773 1483 942 1532 album
979 1492 1143 1532 mutor
1177 1482 1228 1531 in
1262 1481 1429 1532 alitem

552 1582 774 1630 superne,
814 1574 1179 1628 nascunturque
1214 1565 1345 1613 leves

619 1662 706 1708 per
741 1645 919 1709 digitos
955 1661 1251 1708 umerosque
1286 1645 1495 1708 plumae.

485 1738 582 1788 iam
622 1740 875 1788 Daedaleo
910 1737 1072 1788 notior
1109 1740 1251 1787 Icaro

485 1818 640 1868 visam
675 1818 916 1882 gementis
952 1818 1094 1868 litora
1131 1817 1375 1882 Bosphori

553 1899 804 1963 Syrtisque
841 1900 1075 1948 Gaetulas
1112 1915 1320 1948 canorus

618 1982 720 2030 ales
757 1981 1209 2044 Hyperboreosque
1244 1996 1459 2044 campos.

1545 1808 1569 1834 ,ξ

487 2092 567 2124 me
604 2076 822 2126 Colchus
859 2084 907 2124 et
943 2075 1028 2138 qui
1065 2074 1341 2124 dissimulat
1378 2082 1565 2124 metum

487 2158 683 2205 Marsae
719 2156 934 2206 cohortis
973 2159 1140 2205 Dacus
1177 2165 1225 2205 et
1261 2155 1420 2204 ultimi

552 2246 761 2287 noscent
797 2236 988 2296 Geloni,
1029 2254 1108 2286 me
1143 2235 1326 2300 peritus

618 2318 776 2367 discet
813 2317 973 2366 Hiber
1011 2316 1343 2381 Rhodanique
1379 2324 1534 2380 potor.

484 2412 648 2462 absint
682 2412 817 2462 inani
851 2414 1021 2462 funere
1056 2412 1231 2461 neniae

485 2495 743 2557 luctusque
779 2503 944 2558 turpes
979 2503 1029 2543 et
1063 2492 1430 2558 querimoniae;

552 2590 822 2638 compesce
849 2576 1115 2625 clamorem
1150 2575 1210 2623 ac
1244 2572 1455 2637 sepulcri

619 2653 759 2704 mitte
794 2670 1122 2718 supervacuos
1157 2655 1383 2704 honores.

1550 2797 1577 2836 3
1595 2790 1710 2825 terra
1728 2783 1758 2824 β

1895 351 2018 402 30,

1899 1502 1953 1534 10

1898 1919 1945 1960 15

1895 2338 1946 2366 20

1913 2785 1942 2822 6

282 2861 407 2898 quem
445 2858 573 2887 vocas
612 2847 623 2868 ‘
641 2842 834 2893 dilecte',
875 2843 1114 2893 Maecenas,
1155 2840 1276 2882 schol.
1312 2839 1395 2879 cod.
1437 2838 1577 2878 Paris.
1619 2849 1753 2889 7975:
1789 2841 1940 2878 vocant

282 2901 472 2952 Bentley:
502 2905 624 2940 votas
647 2901 785 2952 (vetas
814 2898 900 2937 iam
929 2897 1078 2948 Bothe)
1098 2895 1282 2935 Holder:
1311 2894 1379 2934 cui
1398 2905 1525 2934 vocas
1547 2892 1687 2945 Bergk

285 2955 427 2997 notior
446 2953 613 2994 aBDM
626 2965 635 2991 :
665 2953 781 2992 ocior
798 2951 869 2991 ΒΕ
887 2965 895 2990 z
925 2951 1057 2991 tutior
1076 2949 1242 2999 Bentley
1260 2948 1303 2987 in
1323 2948 1381 2988 ed.
1397 2947 1533 3000 priore

1889 2902 1939 2940 13
