<?xml version="1.0" encoding="UTF-8"?>
<!DOCTYPE html PUBLIC "-//W3C//DTD XHTML 1.0 Transitional//EN"
    "http://www.w3.org/TR/xhtml1/DTD/xhtml1-transitional.dtd">
<html xmlns="http://www.w3.org/1999/xhtml" xml:lang="en" lang="en">
 <head>
  <title>
</title>
<meta http-equiv="Content-Type" content="text/html;charset=utf-8" />
  <meta name='ocr-system' content='tesseract 3.04.00' />
  <meta name='ocr-capabilities' content='ocr_page ocr_carea ocr_par ocr_line ocrx_word'/>
</head>
<body>
  <div class='ocr_page' id='page_1' title='image "./horacevol1odesca00horauoft_0112.png"; bbox 0 0 2084 3380; ppageno 0'>
   <div class='ocr_carea' id='block_1_1' title="bbox 311 132 983 192">
    <p class='ocr_par' dir='ltr' id='par_1_1' title="bbox 311 132 983 192">
     <span class='ocr_line' id='line_1_1' title="bbox 311 132 983 192; baseline 0.003 -15"><span class='ocrx_word' id='word_1_1' title='bbox 311 132 371 192; x_wconf 85' lang='lat' dir='ltr'>Q.</span> <span class='ocrx_word' id='word_1_2' title='bbox 415 132 694 181; x_wconf 87' lang='lat' dir='ltr'><strong>HORATI</strong></span> <span class='ocrx_word' id='word_1_3' title='bbox 733 132 983 182; x_wconf 81' lang='lat' dir='ltr'>FLAccr</span> 
     </span>
    </p>
   </div>
   <div class='ocr_carea' id='block_1_2' title="bbox 513 267 1542 560">
    <p class='ocr_par' dir='ltr' id='par_1_2' title="bbox 515 267 1411 331">
     <span class='ocr_line' id='line_1_2' title="bbox 515 267 1411 331; baseline -0.004 -12"><span class='ocrx_word' id='word_1_4' title='bbox 515 286 667 330; x_wconf 89' lang='lat' dir='ltr'>sume,</span> <span class='ocrx_word' id='word_1_5' title='bbox 708 272 987 329; x_wconf 82' lang='lat' dir='ltr'>Maecenas,</span> <span class='ocrx_word' id='word_1_6' title='bbox 1027 270 1230 331; x_wconf 85' lang='lat' dir='ltr'>cyathos</span> <span class='ocrx_word' id='word_1_7' title='bbox 1265 267 1411 316; x_wconf 92' lang='lat' dir='ltr'>amici</span> 
     </span>
    </p>

    <p class='ocr_par' dir='ltr' id='par_1_3' title="bbox 514 349 1491 415">
     <span class='ocr_line' id='line_1_3' title="bbox 514 349 1491 415; baseline -0.004 -15"><span class='ocrx_word' id='word_1_8' title='bbox 514 349 709 415; x_wconf 89' lang='lat' dir='ltr'>sospitis</span> <span class='ocrx_word' id='word_1_9' title='bbox 745 359 945 400; x_wconf 92' lang='lat' dir='ltr'>centum</span> <span class='ocrx_word' id='word_1_10' title='bbox 982 359 1030 399; x_wconf 90' lang='lat' dir='ltr'>et</span> <span class='ocrx_word' id='word_1_11' title='bbox 1065 349 1233 412; x_wconf 89' lang='lat' dir='ltr'>vigiles</span> <span class='ocrx_word' id='word_1_12' title='bbox 1268 351 1491 398; x_wconf 89' lang='lat' dir='ltr'>lucernas</span> 
     </span>
    </p>

    <p class='ocr_par' dir='ltr' id='par_1_4' title="bbox 513 428 1542 560">
     <span class='ocr_line' id='line_1_4' title="bbox 513 428 1542 495; baseline -0.003 -15"><span class='ocrx_word' id='word_1_13' title='bbox 513 432 670 495; x_wconf 83' lang='lat' dir='ltr'><strong>perfer</strong></span> <span class='ocrx_word' id='word_1_14' title='bbox 705 430 756 479; x_wconf 91' lang='lat' dir='ltr'>in</span> <span class='ocrx_word' id='word_1_15' title='bbox 791 433 982 479; x_wconf 87' lang='lat' dir='ltr'>lucem:</span> <span class='ocrx_word' id='word_1_16' title='bbox 1031 431 1202 494; x_wconf 93' lang='lat' dir='ltr'>procul</span> <span class='ocrx_word' id='word_1_17' title='bbox 1237 428 1399 478; x_wconf 90' lang='lat' dir='ltr'>omnis</span> <span class='ocrx_word' id='word_1_18' title='bbox 1434 437 1542 478; x_wconf 88' lang='lat' dir='ltr'>esto</span> 
     </span>
     <span class='ocr_line' id='line_1_5' title="bbox 580 510 964 560; baseline -0.005 0"><span class='ocrx_word' id='word_1_19' title='bbox 580 514 764 560; x_wconf 90' lang='lat' dir='ltr'>clamor</span> <span class='ocrx_word' id='word_1_20' title='bbox 800 520 847 559; x_wconf 93' lang='lat' dir='ltr'>et</span> <span class='ocrx_word' id='word_1_21' title='bbox 883 510 964 559; x_wconf 89' lang='lat' dir='ltr'>ira.</span> 
     </span>
    </p>
   </div>
   <div class='ocr_carea' id='block_1_3' title="bbox 514 604 1386 908">
    <p class='ocr_par' dir='ltr' id='par_1_5' title="bbox 514 604 1386 668">
     <span class='ocr_line' id='line_1_6' title="bbox 514 604 1386 668; baseline -0.001 -15"><span class='ocrx_word' id='word_1_22' title='bbox 514 605 653 654; x_wconf 89' lang='lat' dir='ltr'>mitte</span> <span class='ocrx_word' id='word_1_23' title='bbox 689 604 841 653; x_wconf 91' lang='lat' dir='ltr'>civilis</span> <span class='ocrx_word' id='word_1_24' title='bbox 878 621 1022 668; x_wconf 87' lang='lat' dir='ltr'>super</span> <span class='ocrx_word' id='word_1_25' title='bbox 1058 604 1178 653; x_wconf 91' lang='lat' dir='ltr'>urbe</span> <span class='ocrx_word' id='word_1_26' title='bbox 1214 621 1386 652; x_wconf 83' lang='lat' dir='ltr'>curas:</span> 
     </span>
    </p>

    <p class='ocr_par' dir='ltr' id='par_1_6' title="bbox 514 685 1374 749">
     <span class='ocr_line' id='line_1_7' title="bbox 514 685 1374 749; baseline -0.001 -14"><span class='ocrx_word' id='word_1_27' title='bbox 514 686 696 736; x_wconf 90' lang='lat' dir='ltr'>occidit</span> <span class='ocrx_word' id='word_1_28' title='bbox 734 685 858 736; x_wconf 88' lang='lat' dir='ltr'>Daci</span> <span class='ocrx_word' id='word_1_29' title='bbox 897 685 1147 737; x_wconf 88' lang='lat' dir='ltr'>Cotisonis</span> <span class='ocrx_word' id='word_1_30' title='bbox 1183 702 1374 749; x_wconf 82' lang='lat' dir='ltr'>agmen,</span> 
     </span>
    </p>

    <p class='ocr_par' dir='ltr' id='par_1_7' title="bbox 517 767 1339 908">
     <span class='ocr_line' id='line_1_8' title="bbox 517 767 1339 819; baseline 0 -3"><span class='ocrx_word' id='word_1_31' title='bbox 517 770 698 819; x_wconf 90' lang='lat' dir='ltr'>Medus</span> <span class='ocrx_word' id='word_1_32' title='bbox 734 767 939 817; x_wconf 88' lang='lat' dir='ltr'>infestus</span> <span class='ocrx_word' id='word_1_33' title='bbox 976 767 1069 816; x_wconf 91' lang='lat' dir='ltr'>sibi</span> <span class='ocrx_word' id='word_1_34' title='bbox 1104 767 1339 817; x_wconf 91' lang='lat' dir='ltr'>luctuosis</span> 
     </span>
     <span class='ocr_line' id='line_1_9' title="bbox 580 848 979 908; baseline -0.005 -10"><span class='ocrx_word' id='word_1_35' title='bbox 580 849 785 900; x_wconf 87' lang='lat' dir='ltr'>dissidet</span> <span class='ocrx_word' id='word_1_36' title='bbox 819 848 979 908; x_wconf 89' lang='lat' dir='ltr'>armis,</span> 
     </span>
    </p>
   </div>
   <div class='ocr_carea' id='block_1_4' title="bbox 513 942 1486 1249">
    <p class='ocr_par' dir='ltr' id='par_1_8' title="bbox 514 942 1468 1011">
     <span class='ocr_line' id='line_1_10' title="bbox 514 942 1468 1011; baseline -0.002 -17"><span class='ocrx_word' id='word_1_37' title='bbox 514 944 954 1011; x_wconf 22' lang='lat' dir='ltr'>servit-Hispanae</span> <span class='ocrx_word' id='word_1_38' title='bbox 989 953 1129 992; x_wconf 90' lang='lat' dir='ltr'>vetus</span> <span class='ocrx_word' id='word_1_39' title='bbox 1165 942 1319 992; x_wconf 89' lang='lat' dir='ltr'>hostis</span> <span class='ocrx_word' id='word_1_40' title='bbox 1355 960 1468 992; x_wconf 89' lang='lat' dir='ltr'>orae</span> 
     </span>
    </p>

    <p class='ocr_par' dir='ltr' id='par_1_9' title="bbox 516 1023 1381 1083">
     <span class='ocr_line' id='line_1_11' title="bbox 516 1023 1381 1083; baseline -0.003 -7"><span class='ocrx_word' id='word_1_41' title='bbox 516 1026 764 1076; x_wconf 85' lang='lat' dir='ltr'>Cantaber</span> <span class='ocrx_word' id='word_1_42' title='bbox 799 1043 906 1074; x_wconf 85' lang='lat' dir='ltr'>sera</span> <span class='ocrx_word' id='word_1_43' title='bbox 940 1023 1158 1075; x_wconf 90' lang='lat' dir='ltr'>domitus</span> <span class='ocrx_word' id='word_1_44' title='bbox 1194 1033 1381 1083; x_wconf 90' lang='lat' dir='ltr'>catena,</span> 
     </span>
    </p>

    <p class='ocr_par' dir='ltr' id='par_1_10' title="bbox 513 1104 1486 1249">
     <span class='ocr_line' id='line_1_12' title="bbox 513 1104 1486 1169; baseline 0 -16"><span class='ocrx_word' id='word_1_45' title='bbox 513 1105 612 1154; x_wconf 90' lang='lat' dir='ltr'>iam</span> <span class='ocrx_word' id='word_1_46' title='bbox 648 1108 857 1169; x_wconf 88' lang='lat' dir='ltr'>Scythae</span> <span class='ocrx_word' id='word_1_47' title='bbox 893 1108 1003 1155; x_wconf 83' lang='lat' dir='ltr'>laxo</span> <span class='ocrx_word' id='word_1_48' title='bbox 1039 1104 1338 1155; x_wconf 87' lang='lat' dir='ltr'>meditantur</span> <span class='ocrx_word' id='word_1_49' title='bbox 1372 1121 1486 1153; x_wconf 92' lang='lat' dir='ltr'>arcu</span> 
     </span>
     <span class='ocr_line' id='line_1_13' title="bbox 582 1186 993 1249; baseline -0.005 -14"><span class='ocrx_word' id='word_1_50' title='bbox 582 1188 757 1236; x_wconf 90' lang='lat' dir='ltr'>cedere</span> <span class='ocrx_word' id='word_1_51' title='bbox 793 1186 993 1249; x_wconf 86' lang='lat' dir='ltr'>campis.</span> 
     </span>
    </p>
   </div>
   <div class='ocr_carea' id='block_1_5' title="bbox 514 1281 1556 1345">
    <p class='ocr_par' dir='ltr' id='par_1_11' title="bbox 514 1281 1556 1345">
     <span class='ocr_line' id='line_1_14' title="bbox 514 1281 1556 1345; baseline -0.001 -15"><span class='ocrx_word' id='word_1_52' title='bbox 514 1283 775 1345; x_wconf 84' lang='lat' dir='ltr'>neglegens</span> <span class='ocrx_word' id='word_1_53' title='bbox 810 1299 874 1331; x_wconf 92' lang='lat' dir='ltr'>ne</span> <span class='ocrx_word' id='word_1_54' title='bbox 911 1298 1009 1345; x_wconf 91' lang='lat' dir='ltr'>qua</span> <span class='ocrx_word' id='word_1_55' title='bbox 1043 1283 1257 1345; x_wconf 92' lang='lat' dir='ltr'>populus</span> <span class='ocrx_word' id='word_1_56' title='bbox 1292 1281 1481 1330; x_wconf 88' lang='lat' dir='ltr'>laboret</span> <span class='ocrx_word' id='word_1_57' title='bbox 1551 1323 1556 1328; x_wconf 90' lang='lat'>.</span> 
     </span>
    </p>
   </div>
   <div class='ocr_carea' id='block_1_6' title="bbox 515 1361 1447 1426">
    <p class='ocr_par' dir='ltr' id='par_1_12' title="bbox 515 1361 1447 1426">
     <span class='ocr_line' id='line_1_15' title="bbox 515 1361 1447 1426; baseline -0.001 -15"><span class='ocrx_word' id='word_1_58' title='bbox 515 1379 660 1426; x_wconf 91' lang='lat' dir='ltr'>parce</span> <span class='ocrx_word' id='word_1_59' title='bbox 695 1361 910 1426; x_wconf 91' lang='lat' dir='ltr'>privatus</span> <span class='ocrx_word' id='word_1_60' title='bbox 946 1361 1155 1411; x_wconf 90' lang='lat' dir='ltr'>nimium</span> <span class='ocrx_word' id='word_1_61' title='bbox 1191 1379 1363 1411; x_wconf 90' lang='lat' dir='ltr'>cavere</span> <span class='ocrx_word' id='word_1_62' title='bbox 1398 1371 1447 1410; x_wconf 89' lang='lat' dir='ltr'>et</span> 
     </span>
    </p>
   </div>
   <div class='ocr_carea' id='block_1_7' title="bbox 513 1443 1576 1508">
    <p class='ocr_par' dir='ltr' id='par_1_13' title="bbox 513 1443 1576 1508">
     <span class='ocr_line' id='line_1_16' title="bbox 513 1443 1576 1508; baseline -0.001 -15"><span class='ocrx_word' id='word_1_63' title='bbox 513 1445 649 1493; x_wconf 88' lang='lat' dir='ltr'>dona</span> <span class='ocrx_word' id='word_1_64' title='bbox 680 1443 950 1507; x_wconf 88' lang='lat' dir='ltr'>praesentis</span> <span class='ocrx_word' id='word_1_65' title='bbox 986 1460 1108 1508; x_wconf 91' lang='lat' dir='ltr'>cape</span> <span class='ocrx_word' id='word_1_66' title='bbox 1143 1445 1298 1494; x_wconf 91' lang='lat' dir='ltr'>laetus</span> <span class='ocrx_word' id='word_1_67' title='bbox 1334 1444 1484 1492; x_wconf 88' lang='lat' dir='ltr'>horae</span> <span class='ocrx_word' id='word_1_68' title='bbox 1517 1461 1576 1492; x_wconf 89' lang='lat' dir='ltr'>ac</span> 
     </span>
    </p>
   </div>
   <div class='ocr_carea' id='block_1_8' title="bbox 581 1524 963 1588">
    <p class='ocr_par' dir='ltr' id='par_1_14' title="bbox 581 1524 963 1588">
     <span class='ocr_line' id='line_1_17' title="bbox 581 1524 963 1588; baseline 0.005 -16"><span class='ocrx_word' id='word_1_69' title='bbox 581 1524 749 1588; x_wconf 92' lang='lat' dir='ltr'>linque</span> <span class='ocrx_word' id='word_1_70' title='bbox 785 1543 963 1575; x_wconf 89' lang='lat' dir='ltr'>severa.</span> 
     </span>
    </p>
   </div>
   <div class='ocr_carea' id='block_1_9' title="bbox 1066 1715 1270 1871">
    <p class='ocr_par' dir='ltr' id='par_1_15' title="bbox 1066 1715 1270 1871">
     <span class='ocr_line' id='line_1_18' title="bbox 1066 1715 1270 1871; baseline 0 -58"><span class='ocrx_word' id='word_1_71' title='bbox 1066 1715 1270 1871; x_wconf 49' lang='lat' dir='ltr'>Q</span> 
     </span>
    </p>
   </div>
   <div class='ocr_carea' id='block_1_10' title="bbox 652 1865 1331 1930">
    <p class='ocr_par' dir='ltr' id='par_1_16' title="bbox 652 1865 1331 1930">
     <span class='ocr_line' id='line_1_19' title="bbox 652 1865 1331 1930; baseline -0.001 -15"><span class='ocrx_word' id='word_1_72' title='bbox 652 1867 841 1915; x_wconf 85' lang='lat' dir='ltr'>DONEC</span> <span class='ocrx_word' id='word_1_73' title='bbox 874 1875 1038 1930; x_wconf 83' lang='lat' dir='ltr'>gratus</span> <span class='ocrx_word' id='word_1_74' title='bbox 1074 1883 1207 1915; x_wconf 87' lang='lat' dir='ltr'>eram</span> <span class='ocrx_word' id='word_1_75' title='bbox 1243 1865 1331 1915; x_wconf 90' lang='lat' dir='ltr'>tibi</span> 
     </span>
    </p>
   </div>
   <div class='ocr_carea' id='block_1_11' title="bbox 514 1945 1644 2012">
    <p class='ocr_par' dir='ltr' id='par_1_17' title="bbox 514 1945 1644 2012">
     <span class='ocr_line' id='line_1_20' title="bbox 514 1945 1644 2012; baseline 0.001 -16"><span class='ocrx_word' id='word_1_76' title='bbox 514 1964 606 1997; x_wconf 93' lang='lat' dir='ltr'>nec</span> <span class='ocrx_word' id='word_1_77' title='bbox 643 1947 904 2011; x_wconf 89' lang='lat' dir='ltr'>quisquam</span> <span class='ocrx_word' id='word_1_78' title='bbox 940 1947 1101 2011; x_wconf 91' lang='lat' dir='ltr'>potior</span> <span class='ocrx_word' id='word_1_79' title='bbox 1136 1947 1367 1997; x_wconf 89' lang='lat' dir='ltr'>bracchia</span> <span class='ocrx_word' id='word_1_80' title='bbox 1401 1945 1644 2012; x_wconf 86' lang='lat' dir='ltr'>candidae</span> 
     </span>
    </p>
   </div>
   <div class='ocr_carea' id='block_1_12' title="bbox 517 2029 1323 2255">
    <p class='ocr_par' dir='ltr' id='par_1_18' title="bbox 517 2029 1323 2255">
     <span class='ocr_line' id='line_1_21' title="bbox 649 2029 1251 2090; baseline 0.002 -13"><span class='ocrx_word' id='word_1_81' title='bbox 649 2029 826 2078; x_wconf 90' lang='lat' dir='ltr'>cervici</span> <span class='ocrx_word' id='word_1_82' title='bbox 861 2029 1051 2079; x_wconf 91' lang='lat' dir='ltr'>iuvenis</span> <span class='ocrx_word' id='word_1_83' title='bbox 1087 2030 1251 2090; x_wconf 90' lang='lat' dir='ltr'>dabat,</span> 
     </span>
     <span class='ocr_line' id='line_1_22' title="bbox 517 2109 1323 2174; baseline -0.001 -15"><span class='ocrx_word' id='word_1_84' title='bbox 517 2113 773 2160; x_wconf 89' lang='lat' dir='ltr'>Persarum</span> <span class='ocrx_word' id='word_1_85' title='bbox 809 2109 939 2173; x_wconf 88' lang='lat' dir='ltr'>vigui</span> <span class='ocrx_word' id='word_1_86' title='bbox 975 2128 1087 2174; x_wconf 89' lang='lat' dir='ltr'>rege</span> <span class='ocrx_word' id='word_1_87' title='bbox 1123 2110 1323 2160; x_wconf 89' lang='lat' dir='ltr'>beatior.</span> 
     </span>
     <span class='ocr_line' id='line_1_23' title="bbox 654 2191 1297 2255; baseline -0.002 -15"><span class='ocrx_word' id='word_1_88' title='bbox 654 2193 841 2241; x_wconf 90' lang='lat' dir='ltr'>‘donec</span> <span class='ocrx_word' id='word_1_89' title='bbox 877 2208 979 2240; x_wconf 90' lang='lat' dir='ltr'>non</span> <span class='ocrx_word' id='word_1_90' title='bbox 1013 2191 1110 2240; x_wconf 91' lang='lat' dir='ltr'>alia</span> <span class='ocrx_word' id='word_1_91' title='bbox 1144 2191 1297 2255; x_wconf 88' lang='lat' dir='ltr'>magis</span> 
     </span>
    </p>
   </div>
   <div class='ocr_carea' id='block_1_13' title="bbox 516 2271 1592 2336">
    <p class='ocr_par' dir='ltr' id='par_1_19' title="bbox 516 2271 1592 2336">
     <span class='ocr_line' id='line_1_24' title="bbox 516 2271 1592 2336; baseline 0.001 -17"><span class='ocrx_word' id='word_1_92' title='bbox 516 2271 672 2320; x_wconf 82' lang='lat' dir='ltr'>arsisti</span> <span class='ocrx_word' id='word_1_93' title='bbox 707 2289 870 2335; x_wconf 87' lang='lat' dir='ltr'>neque</span> <span class='ocrx_word' id='word_1_94' title='bbox 905 2281 1006 2321; x_wconf 89' lang='lat' dir='ltr'>erat</span> <span class='ocrx_word' id='word_1_95' title='bbox 1043 2272 1201 2335; x_wconf 90' lang='lat' dir='ltr'>Lydia</span> <span class='ocrx_word' id='word_1_96' title='bbox 1235 2281 1347 2336; x_wconf 91' lang='lat' dir='ltr'>post</span> <span class='ocrx_word' id='word_1_97' title='bbox 1384 2273 1592 2332; x_wconf 90' lang='lat' dir='ltr'>Chloen,</span> 
     </span>
    </p>
   </div>
   <div class='ocr_carea' id='block_1_14' title="bbox 519 2352 1546 2579">
    <p class='ocr_par' dir='ltr' id='par_1_20' title="bbox 519 2352 1546 2579">
     <span class='ocr_line' id='line_1_25' title="bbox 651 2352 1236 2416; baseline 0 -15"><span class='ocrx_word' id='word_1_98' title='bbox 651 2352 791 2401; x_wconf 91' lang='lat' dir='ltr'>multi</span> <span class='ocrx_word' id='word_1_99' title='bbox 828 2352 985 2416; x_wconf 92' lang='lat' dir='ltr'>Lydia</span> <span class='ocrx_word' id='word_1_100' title='bbox 1022 2353 1236 2402; x_wconf 92' lang='lat' dir='ltr'>nominis</span> 
     </span>
     <span class='ocr_line' id='line_1_26' title="bbox 519 2433 1280 2496; baseline 0.003 -15"><span class='ocrx_word' id='word_1_101' title='bbox 519 2436 748 2483; x_wconf 89' lang='lat' dir='ltr'>Romana</span> <span class='ocrx_word' id='word_1_102' title='bbox 781 2433 912 2496; x_wconf 87' lang='lat' dir='ltr'>vigui</span> <span class='ocrx_word' id='word_1_103' title='bbox 949 2433 1121 2483; x_wconf 90' lang='lat' dir='ltr'>clarior</span> <span class='ocrx_word' id='word_1_104' title='bbox 1160 2435 1280 2483; x_wconf 89' lang='lat' dir='ltr'>Ilia.&#39;</span> 
     </span>
     <span class='ocr_line' id='line_1_27' title="bbox 651 2514 1546 2579; baseline 0.001 -17"><span class='ocrx_word' id='word_1_105' title='bbox 651 2531 730 2563; x_wconf 92' lang='lat' dir='ltr'>me</span> <span class='ocrx_word' id='word_1_106' title='bbox 765 2531 898 2563; x_wconf 92' lang='lat' dir='ltr'>nunc</span> <span class='ocrx_word' id='word_1_107' title='bbox 936 2517 1180 2565; x_wconf 87' lang='lat' dir='ltr'>Thraessa</span> <span class='ocrx_word' id='word_1_108' title='bbox 1217 2517 1376 2567; x_wconf 85' lang='lat' dir='ltr'>Chloe</span> <span class='ocrx_word' id='word_1_109' title='bbox 1413 2514 1546 2579; x_wconf 88' lang='lat' dir='ltr'>regit,</span> 
     </span>
    </p>
   </div>
   <div class='ocr_carea' id='block_1_15' title="bbox 517 2593 1613 2654">
    <p class='ocr_par' dir='ltr' id='par_1_21' title="bbox 517 2593 1613 2654">
     <span class='ocr_line' id='line_1_28' title="bbox 517 2593 1613 2654; baseline 0.002 -12"><span class='ocrx_word' id='word_1_110' title='bbox 517 2593 675 2643; x_wconf 92' lang='lat' dir='ltr'>dulcis</span> <span class='ocrx_word' id='word_1_111' title='bbox 710 2596 858 2644; x_wconf 90' lang='lat' dir='ltr'>docta</span> <span class='ocrx_word' id='word_1_112' title='bbox 894 2598 1072 2646; x_wconf 90' lang='lat' dir='ltr'>modos</span> <span class='ocrx_word' id='word_1_113' title='bbox 1108 2605 1156 2645; x_wconf 88' lang='lat' dir='ltr'>et</span> <span class='ocrx_word' id='word_1_114' title='bbox 1191 2595 1404 2654; x_wconf 86' lang='lat' dir='ltr'>citharae</span> <span class='ocrx_word' id='word_1_115' title='bbox 1440 2595 1613 2654; x_wconf 89' lang='lat' dir='ltr'>sciens,</span> 
     </span>
    </p>
   </div>
   <div class='ocr_carea' id='block_1_16' title="bbox 518 2676 1446 2820">
    <p class='ocr_par' dir='ltr' id='par_1_22' title="bbox 518 2676 1446 2820">
     <span class='ocr_line' id='line_1_29' title="bbox 651 2676 1440 2740; baseline 0.001 -16"><span class='ocrx_word' id='word_1_116' title='bbox 651 2692 739 2738; x_wconf 90' lang='lat' dir='ltr'>pro</span> <span class='ocrx_word' id='word_1_117' title='bbox 775 2693 874 2740; x_wconf 89' lang='lat' dir='ltr'>qua</span> <span class='ocrx_word' id='word_1_118' title='bbox 909 2694 1011 2727; x_wconf 90' lang='lat' dir='ltr'>non</span> <span class='ocrx_word' id='word_1_119' title='bbox 1047 2686 1264 2727; x_wconf 89' lang='lat' dir='ltr'>metuam</span> <span class='ocrx_word' id='word_1_120' title='bbox 1302 2676 1440 2736; x_wconf 89' lang='lat' dir='ltr'>mori,</span> 
     </span>
     <span class='ocr_line' id='line_1_30' title="bbox 518 2755 1446 2820; baseline 0.001 -17"><span class='ocrx_word' id='word_1_121' title='bbox 518 2755 557 2803; x_wconf 90' lang='lat' dir='ltr'>si</span> <span class='ocrx_word' id='word_1_122' title='bbox 592 2766 793 2819; x_wconf 87' lang='lat' dir='ltr'>parcent</span> <span class='ocrx_word' id='word_1_123' title='bbox 828 2756 1020 2805; x_wconf 88' lang='lat' dir='ltr'>animae</span> <span class='ocrx_word' id='word_1_124' title='bbox 1057 2760 1155 2805; x_wconf 87' lang='lat' dir='ltr'>fata</span> <span class='ocrx_word' id='word_1_125' title='bbox 1190 2756 1446 2820; x_wconf 88' lang='lat' dir='ltr'>superstiti.</span> 
     </span>
    </p>
   </div>
   <div class='ocr_carea' id='block_1_17' title="bbox 1925 446 1972 486">
    <p class='ocr_par' dir='ltr' id='par_1_23' title="bbox 1925 446 1972 486">
     <span class='ocr_line' id='line_1_31' title="bbox 1925 446 1972 486; baseline 0 0"><span class='ocrx_word' id='word_1_126' title='bbox 1925 446 1972 486; x_wconf 86' lang='lat'>15</span> 
     </span>
    </p>
   </div>
   <div class='ocr_carea' id='block_1_18' title="bbox 1926 866 1976 894">
    <p class='ocr_par' dir='ltr' id='par_1_24' title="bbox 1926 866 1976 894">
     <span class='ocr_line' id='line_1_32' title="bbox 1926 866 1976 894; baseline 0 0"><span class='ocrx_word' id='word_1_127' title='bbox 1926 866 1976 894; x_wconf 84' lang='lat'>20</span> 
     </span>
    </p>
   </div>
   <div class='ocr_carea' id='block_1_19' title="bbox 1926 1300 1975 1340">
    <p class='ocr_par' dir='ltr' id='par_1_25' title="bbox 1926 1300 1975 1340">
     <span class='ocr_line' id='line_1_33' title="bbox 1926 1300 1975 1340; baseline 0 0"><span class='ocrx_word' id='word_1_128' title='bbox 1926 1300 1975 1340; x_wconf 81' lang='lat'>25</span> 
     </span>
    </p>
   </div>
   <div class='ocr_carea' id='block_1_20' title="bbox 1926 2613 1976 2641">
    <p class='ocr_par' dir='ltr' id='par_1_26' title="bbox 1926 2613 1976 2641">
     <span class='ocr_line' id='line_1_34' title="bbox 1926 2613 1976 2641; baseline -0.02 0"><span class='ocrx_word' id='word_1_129' title='bbox 1926 2613 1976 2641; x_wconf 89' lang='lat'>10</span> 
     </span>
    </p>
   </div>
   <div class='ocr_carea' id='block_1_21' title="bbox 315 2891 1972 3001">
    <p class='ocr_par' dir='ltr' id='par_1_27' title="bbox 315 2891 1972 3001">
     <span class='ocr_line' id='line_1_35' title="bbox 355 2891 1972 2946; baseline -0.001 -12"><span class='ocrx_word' id='word_1_130' title='bbox 355 2893 639 2946; x_wconf 31' lang='grc' dir='ltr'><strong><em>,ατ-αΒΕΜ]</em></strong></span> <span class='ocrx_word' id='word_1_131' title='bbox 702 2905 748 2940; x_wconf 88' lang='lat'>14</span> <span class='ocrx_word' id='word_1_132' title='bbox 779 2891 958 2942; x_wconf 73' lang='lat' dir='ltr'>hospitis</span> <span class='ocrx_word' id='word_1_133' title='bbox 979 2891 1046 2931; x_wconf 81' lang='lat' dir='ltr'>a¹6</span> <span class='ocrx_word' id='word_1_134' title='bbox 1204 2905 1254 2942; x_wconf 92' lang='lat'>19</span> <span class='ocrx_word' id='word_1_135' title='bbox 1283 2893 1447 2933; x_wconf 85' lang='lat' dir='ltr'>infestis</span> <span class='ocrx_word' id='word_1_136' title='bbox 1468 2893 1546 2933; x_wconf 89' lang='lat' dir='ltr'>sibi</span> <span class='ocrx_word' id='word_1_137' title='bbox 1568 2893 1785 2934; x_wconf 84' lang='lat' dir='ltr'>luctuosus</span> <span class='ocrx_word' id='word_1_138' title='bbox 1803 2894 1972 2945; x_wconf 80' lang='lat' dir='ltr'>Bentley</span> 
     </span>
     <span class='ocr_line' id='line_1_36' title="bbox 315 2945 1551 3001; baseline -0.001 -13"><span class='ocrx_word' id='word_1_139' title='bbox 315 2963 366 2998; x_wconf 87' lang='lat'>27</span> <span class='ocrx_word' id='word_1_140' title='bbox 398 2963 498 3001; x_wconf 86' lang='lat' dir='ltr'>rape</span> <span class='ocrx_word' id='word_1_141' title='bbox 521 2950 616 3000; x_wconf 73' lang='lat' dir='ltr'>&lt;spe</span> <span class='ocrx_word' id='word_1_142' title='bbox 636 2947 690 2998; x_wconf 59' lang='grc' dir='ltr'>πῖ,</span> <span class='ocrx_word' id='word_1_143' title='bbox 715 2960 819 2997; x_wconf 87' lang='lat' dir='ltr'>cape</span> <span class='ocrx_word' id='word_1_144' title='bbox 841 2946 903 2997; x_wconf 75' lang='lat' dir='ltr'>vr2&gt;</span> <span class='ocrx_word' id='word_1_145' title='bbox 922 2945 950 2985; x_wconf 78' lang='grc' dir='ltr'><strong><em>Β</em></strong></span> <span class='ocrx_word' id='word_1_146' title='bbox 1075 2959 1122 2985; x_wconf 82' lang='lat' dir='ltr'>ac</span> <span class='ocrx_word' id='word_1_147' title='bbox 1143 2958 1182 2994; x_wconf 86' lang='lat' dir='ltr'>a,</span> <span class='ocrx_word' id='word_1_148' title='bbox 1205 2959 1290 2986; x_wconf 86' lang='lat' dir='ltr'>om.</span> <span class='ocrx_word' id='word_1_149' title='bbox 1310 2951 1390 2986; x_wconf 81' lang='lat' dir='ltr'>cett.</span> <span class='ocrx_word' id='word_1_150' title='bbox 1413 2961 1422 2986; x_wconf 87' lang='lat'>:</span> <span class='ocrx_word' id='word_1_151' title='bbox 1451 2954 1494 2987; x_wconf 87' lang='lat' dir='ltr'>et</span> <span class='ocrx_word' id='word_1_152' title='bbox 1513 2948 1551 2987; x_wconf 70' lang='grc' dir='ltr'>ς’</span> 
     </span>
    </p>
   </div>
   <div class='ocr_carea' id='block_1_22' title="bbox 315 3004 385 3056">
    <p class='ocr_par' dir='ltr' id='par_1_28' title="bbox 315 3004 385 3056">
     <span class='ocr_line' id='line_1_37' title="bbox 315 3004 385 3056; baseline 0 0"><span class='ocrx_word' id='word_1_153' title='bbox 315 3004 385 3056; x_wconf 45' lang='grc' dir='ltr'>δῖψ</span> 
     </span>
    </p>
   </div>
   <div class='ocr_carea' id='block_1_23' title="bbox 493 2999 1593 3054">
    <p class='ocr_par' dir='ltr' id='par_1_29' title="bbox 493 2999 1593 3054">
     <span class='ocr_line' id='line_1_38' title="bbox 493 2999 1593 3054; baseline 0 -12"><span class='ocrx_word' id='word_1_154' title='bbox 493 3017 520 3054; x_wconf 89' lang='grc'><strong>9</strong></span> <span class='ocrx_word' id='word_1_155' title='bbox 550 3004 659 3053; x_wconf 84' lang='lat' dir='ltr'>riget</span> <span class='ocrx_word' id='word_1_156' title='bbox 681 3001 809 3053; x_wconf 79' lang='lat' dir='ltr'>(regit</span> <span class='ocrx_word' id='word_1_157' title='bbox 829 3000 887 3052; x_wconf 51' lang='grc' dir='ltr'>δῖ’)</span> <span class='ocrx_word' id='word_1_158' title='bbox 908 2999 936 3039; x_wconf 78' lang='grc' dir='ltr'><strong><em>Β</em></strong></span> <span class='ocrx_word' id='word_1_159' title='bbox 1021 3000 1128 3049; x_wconf 88' lang='lat' dir='ltr'>regit</span> <span class='ocrx_word' id='word_1_160' title='bbox 1152 3000 1287 3040; x_wconf 86' lang='lat' dir='ltr'>Chloe</span> <span class='ocrx_word' id='word_1_161' title='bbox 1306 3000 1548 3053; x_wconf 81' lang='lat' dir='ltr'>Peerlkamp</span> <span class='ocrx_word' id='word_1_162' title='bbox 1586 3040 1593 3043; x_wconf 16' lang='lat' dir='ltr'>r,</span> 
     </span>
    </p>
   </div>
   <div class='ocr_carea' id='block_1_24' title="bbox 1721 2948 1969 2999">
    <p class='ocr_par' dir='ltr' id='par_1_30' title="bbox 1721 2948 1969 2999">
     <span class='ocr_line' id='line_1_39' title="bbox 1721 2948 1969 2999; baseline 0.008 -12"><span class='ocrx_word' id='word_1_163' title='bbox 1721 2948 1784 2988; x_wconf 91' lang='lat' dir='ltr'>IX</span> <span class='ocrx_word' id='word_1_164' title='bbox 1803 2960 1828 2999; x_wconf 87' lang='lat'><strong>5</strong></span> <span class='ocrx_word' id='word_1_165' title='bbox 1848 2949 1969 2989; x_wconf 89' lang='lat' dir='ltr'>aliam</span> 
     </span>
    </p>
   </div>
  </div>
 </body>
</html>
