2084 3380
329 153 389 210 Q.
443 150 719 199 HORATI
772 150 1023 199 FLACCI

528 289 683 349 qualis
722 286 1001 350 Lycambae
1038 295 1227 349 spretus
1263 286 1420 335 infido
1455 301 1616 350 gener,

594 374 677 412 aut
713 381 824 413 acer
859 365 1014 413 hostis
1053 365 1262 426 Bupalo·-

528 459 590 490 an
627 443 667 490 si
703 442 811 505 quis
848 450 952 490 atro
988 443 1139 491 dente
1175 458 1255 490 me
1291 443 1527 504 petiverit,

595 519 777 567 inultus
814 528 867 568 ut
902 518 1034 567 flebo
1070 521 1228 581 puer?

1113 631 1216 676 VII

529 727 660 787 Qvo,
700 741 800 788 quo
836 725 1026 773 scelesti
1058 725 1234 772 ruitis?
1281 733 1364 772 aut
1401 740 1487 772 cur
1522 726 1731 773 dexteris

594 810 822 864 aptantur
857 817 999 850 enses
1035 800 1260 850 conditi?

527 895 766 942 parumne
800 880 988 942 campis
1023 887 1173 942 atque
1211 880 1450 942 Neptuno
1487 895 1632 942 super

593 959 758 1006 fusum
793 966 867 1006 est
905 957 1068 1006 Latini
1104 955 1369 1020 sanguinis,

527 1051 642 1095 non,
682 1043 736 1083 ut
771 1034 1006 1097 superbas
1043 1034 1239 1083 invidae
1276 1034 1586 1096 Carthaginis

596 1113 855 1160 Romanus
889 1127 1025 1160 arces
1061 1120 1234 1171 ureret,

527 1189 738 1238 intactus
776 1198 860 1238 aut
897 1190 1161 1237 Britannus
1199 1197 1252 1236 ut
1290 1189 1611 1237 descenderet

597 1268 742 1315 Sacra
777 1258 1029 1316 catenatus
1064 1267 1154 1327 via,

528 1345 616 1393 sed
653 1353 706 1393 ut
743 1345 1019 1393 secundum
1053 1353 1168 1393 vota
1204 1345 1496 1392 Parthorum
1533 1360 1619 1391 sua

595 1420 710 1470 urbs
748 1422 872 1470 haee
907 1422 1085 1483 periret
1119 1421 1355 1469 dextera?

529 1514 691 1562 neque
726 1499 807 1547 hic
842 1499 969 1561 lupis
1005 1513 1114 1546 mos
1150 1514 1242 1546 nec
1277 1498 1367 1545 suit
1402 1497 1629 1546 leonibus

594 1592 833 1639 umquam
869 1576 961 1623 nisi
998 1575 1049 1622 in
1086 1575 1250 1637 dispar
1286 1576 1413 1623 feris.

527 1656 723 1702 furorne
758 1669 947 1712 caecus,
985 1668 1048 1700 an
1086 1653 1210 1714 rapit
1245 1654 1316 1701 vis
1351 1654 1518 1713 acrior,

593 1747 655 1779 an
692 1731 877 1792 culpa?
923 1745 1213 1791 responsum
1251 1730 1393 1779 date!

526 1816 690 1857 tacent
726 1817 774 1855 et
810 1808 951 1856 albus
988 1822 1072 1855 ora
1107 1808 1261 1869 pallor
1297 1808 1450 1856 inficit

592 1894 885 1948 mentesque
920 1886 1174 1947 perculsae
1211 1894 1422 1948 stupent.

526 1963 595 2012 sic
631 1972 731 2012 est:
781 1962 958 2011 acerba
993 1963 1091 2011 fata
1126 1964 1383 2011 Romanos
1419 1972 1568 2025 agunt

592 2042 851 2104 scelusque
886 2040 1124 2088 fraternae
1162 2041 1309 2100 necis,

526 2127 578 2167 ut
614 2119 915 2167 immerentis
951 2118 1087 2165 fluxit
1125 2116 1175 2164 in
1213 2126 1388 2166 terram
1427 2119 1573 2166 Remi

595 2211 729 2243 sacer
765 2193 1029 2257 nepotibus
1064 2211 1219 2243 cruor.

1121 2306 1193 2350 IX

1942 462 1990 504 15
2040 455 2055 463 ''

1935 2217 1987 2245 20

527 2403 758 2462 QVANDo
795 2408 1046 2462 repostum
1084 2383 1374 2448 Caecubum
1411 2400 1475 2448 ad
1513 2401 1658 2448 festas
1694 2400 1847 2462 dapes

592 2478 775 2525 victore
811 2478 965 2525 laetus
1003 2477 1212 2525 Caesare

527 2564 690 2602 tecum
726 2554 818 2601 sub
853 2554 1088 2601 alta—sic
1127 2555 1233 2602 Iovi
1266 2555 1694 2616 gratum—domo,

594 2630 737 2678 beate
773 2632 1054 2688 MaecenaS,
1091 2629 1262 2678 bibam

527 2715 734 2756 sonante
770 2708 976 2755 mixtum
1011 2707 1143 2755 tibiis
1179 2723 1377 2756 carmen
1414 2710 1528 2769 lyra,

593 2785 686 2832 hac
723 2784 944 2842 Dorium,
985 2785 1077 2831 illis
1113 2783 1388 2843 barbarum,

376 2879 642 2932 u=aBCM]
703 2891 752 2931 15
780 2881 1036 2930 oppetiverit
1055 2880 1086 2920 Β
1193 2879 1276 2921 VII
1301 2893 1320 2919 1
1351 2880 1516 2919 dextris
1533 2879 1695 2919 αΒΜδ1

324 2948 450 2987 quam
471 2934 662 2986 Bonfimls
810 2947 860 2984 13
886 2947 1037 2975 caecos
1056 2935 1100 2974 a²
1205 2951 1208 2954 >
1232 2947 1280 2986 15
1302 2947 1379 2974 ora
1396 2932 1534 2986 pallor
1550 2934 1669 2974 albus
1686 2934 1716 2974 Β

323 2990 555 3040 repositum
575 2987 650 3029 απῑ
836 3012 842 3017 κ

458 3080 481 3114 S

1958 2726 2067 2766 5,.

1802 2893 1854 2920 12
1873 2895 1980 2922 nun-

1872 2935 1935 2976 IX
1958 2948 1977 2976 1
